3022 5140
804 315 855 392 54

282 498 341 574 σοί
364 528 437 576 που
460 497 628 596 μέτεστιν
654 497 706 580 uta
729 499 779 573 ἐν.
793 493 981 595 ἀνδράσιν
1003 494 1136 601 λόγους

281 623 377 707 ὅςτις
400 623 492 723 πρὸς
517 621 656 721 ἀνδρὸς
682 621 836 724 Φρυγὸς
858 618 1070 725 ἀπηλλάγης
1091 622 1231 719 λέχους,

210 748 446 844 58οἀκληστ’,
474 749 618 846 ἀβουλα
640 744 796 843 δώμαθ’
824 746 946 830 ἑστίας
973 745 1111 836 λιπών,

279 871 330 954 uie
354 871 401 968 δὴ
426 880 588 975 γυναῖκα
618 868 785 970 σώφρον’
813 873 854 948 ἐν
878 868 1009 970 δόμοις
1035 875 1131 968 ἔχων

279 1004 411 1073 πασών
436 997 626 1092 κακίστην.
658 995 743 1072 οὐδ’
770 993 819 1071 ἀν
844 999 875 1072 εί
895 994 1071 1096 βούλοιτό
1096 1026 1151 1081 τις
1231 1013 1234 1018 “

281 1118 446 1222 σώφρων
469 1121 613 1227 μένοιτο
639 1118 932 1220 Σπαρτιατίδων
957 1119 1048 1224 κόρη
1054 1177 1068 1212 ,

282 1247 322 1320 αἳ
347 1247 416 1332 ξδν
437 1249 575 1342 νέοισιν
600 1249 839 1346 ἐξερημοῦσαι
863 1244 1005 1344 δόμους

211 1379 456 1472 585γυμνοῖσι
480 1379 611 1472 μηροῖς
634 1371 699 1447 καὶ
724 1373 870 1456 πέπλοις
892 1373 1096 1471 ἀντιμένοις

362 1640 435 1704 580.
480 1643 575 1703 Guell.
595 1640 689 1702 Havn.
708 1637 844 1703 ἀπλειστ’.
879 1639 991 1702 Deinde
1006 1641 1086 1701 Flor.
1104 1639 1144 1699 A.
1163 1635 1237 1702 ἀδου
1254 1633 1383 1720 δώμαθ’.

281 1722 362 1782 Flor.
390 1725 440 1788 lo.
469 1723 544 1811 ᾅδου
560 1722 690 1806 δώμαθ’.
741 1725 856 1784 Caeteri
877 1720 987 1788 ἀδουλα
1008 1719 1141 1804 δώμαθ’,
1171 1723 1245 1804 quod
1267 1724 1387 1784 scholia-

283 1816 340 1864 stes
362 1807 563 1888 interpretatur
584 1804 632 1870 διά
660 1804 693 1870 τὸ
723 1801 797 1869 εἶναι
820 1804 987 1870 πολύδουλά
1006 1830 1037 1869 τε
1057 1806 1107 1870 καί
1127 1799 1207 1886 ὅμως
1228 1803 1385 1885 ἀφύλακτα.

283 1889 348 1947 Hoc
377 1885 487 1953 ἀδουλα
515 1913 571 1951 nou
597 1903 665 1971 puto
686 1892 744 1950 ullo
768 1901 851 1970 paeto
877 1890 990 1952 delendi
1018 1909 1111 1970 posse.
1159 1889 1321 1951 Absurdum
1343 1905 1388 1952 est

283 1973 357 2034 enim
374 1975 529 2034 custodiam
546 1977 634 2037 servis
655 1971 798 2046 mandari,
830 1995 914 2053 quum
931 1995 987 2033 non
1004 1976 1103 2052 regina
1116 1975 1223 2046 servis,
1247 1973 1296 2034 sed
1312 1978 1386 2035 servi

283 2057 399 2132 reginae
420 2069 548 2136 pareant.
591 2058 646 2117 Est
660 2056 730 2116 illud
748 2078 766 2116 a
780 2057 946 2138 Phrynicho
963 2059 1071 2116 comico
1088 2059 1190 2116 laetum
1206 2058 1383 2118 vocabulum.

283 2137 359 2196 Nam
376 2141 451 2219 quod
473 2144 501 2201 in
518 2141 644 2201 Belukeri
658 2139 815 2200 Aueedotis
837 2163 866 2221 p.
884 2142 937 2213 25,
956 2141 1007 2204 14.
1032 2141 1145 2219 legitur,
1169 2135 1292 2214 ἀδουλος
1310 2142 1386 2220 βίος,

284 2217 302 2282 ὅ
322 2217 361 2301 μὴ
383 2220 556 2287 δουλεύοντα
570 2224 651 2304 ἔχων,
673 2245 728 2304 quo
744 2223 922 2284 referendum
940 2225 987 2296 sit,
1011 2225 1081 2284 haee
1097 2222 1248 2282 ostendunt
1267 2243 1297 2303 p.
1312 2223 1384 2297 344,

282 2306 334 2366 29.
359 2327 431 2386 quae
452 2310 494 2368 sio
515 2308 682 2369 scribenda:
715 2303 839 2392 ἀδουλος
858 2307 923 2388 βίος
947 2306 1037 2388 ἐρεῖς,
1057 2305 1201 2368 τουτέστιν
1221 2301 1239 2368 d
1259 2302 1299 2386 μὴ
1320 2307 1388 2369 δοῦ-

282 2391 334 2449 λον
362 2389 441 2470 ἔχων.
488 2390 562 2473 ἐρεῖς
590 2389 621 2452 δὲ
649 2388 699 2453 καί
727 2387 891 2463 ἀδιάλεκτος
917 2390 982 2470 βίος
1010 2389 1060 2452 καί
1080 2385 1233 2472 ἀγέλαστος
1252 2391 1318 2470 βίος
1338 2390 1389 2454 καὶ

282 2466 391 2554 ἀγαμος
410 2475 485 2554 βίος.
532 2470 677 2556 Φρύνιχος
698 2473 730 2535 ἒν
753 2469 953 2560 Μονοτρόπῳ·

488 2569 582 2652 ὄνομα
602 2571 635 2635 δέ
655 2567 756 2653 μοῦστι
777 2567 973 2654 Μονάτροτως
1014 2619 1020 2633 .
1062 2619 1070 2632 .
1113 2618 1120 2634 .
1164 2618 1171 2634 .

490 2701 704 2719 .....
764 2659 803 2732 ζῶ
832 2653 864 2717 δὲ
889 2656 1020 2735 Τίμωνος
1047 2654 1122 2735 βίον·
1168 2719 1170 2722 ,

488 2735 614 2821 ἀγαμον,
633 2736 776 2814 ἀδουλου,
798 2733 967 2818 ὀξύθυμον,
989 2733 1162 2819 ἀπρόςσδου,

490 2819 658 2904 ἀγέλαστον,
679 2817 863 2897 ἀδιάλειιτου,
885 2817 1085 2903 ίδιογυώμονα.

282 2915 403 2977 Praeter
423 2911 534 2982 ἀδουλα
555 2933 648 2981 autem
678 2922 762 2980 etiam
785 2919 862 2979 aliud
891 2922 920 2979 iu
941 2919 1087 3000 Euripidis
1108 2938 1190 2978 versu
1211 2915 1308 2976 vitium
1330 2928 1384 2975 est.

281 3000 358 3060 Nam
380 3014 457 3062 reete
479 3003 590 3084 quidem
613 3004 717 3063 dieitur
738 3005 821 3082 δῶμα
842 3002 920 3065 ἑστία
940 3026 985 3079 τε,
1020 3005 1101 3062 utin
1122 3000 1241 3061 Hecuba
1259 3020 1288 3059 v.
1311 2999 1384 3062 353.

281 3083 482 3164 erempozzen
501 3085 596 3164 ἑστία,
625 3099 657 3148 ut
684 3089 714 3146 in
734 3088 947 3166 Agamemnone
976 3108 1004 3145 v.
1028 3088 1101 3149 977.
1132 3096 1162 3144 et
1182 3082 1260 3145 lotio
1279 3076 1388 3162 δόμων,

282 3178 314 3225 ut
335 3165 363 3226 iu
384 3167 560 3252 Choephoris
581 3193 609 3232 v.
628 3172 701 3235 627.
725 3167 776 3232 sed
791 3165 906 3250 δώμαθ’
927 3169 1020 3242 ἱστίας
1036 3169 1083 3248 qui
1100 3167 1213 3240 dixerit,
1237 3186 1293 3226 nou
1309 3167 1385 3226 novi.

282 3249 387 3311 Bothio
409 3266 498 3328 certe,
523 3249 643 3335 δώμαθ’
667 3250 780 3329 Ἑστίας
798 3255 944 3326 scribenti,
968 3249 1043 3334 quod
1058 3251 1150 3313 Vesta
1165 3247 1388 3310 aedificationem

282 3331 432 3410 invenerit,
456 3357 539 3398 nemo
560 3340 740 3398 assentietur.
786 3335 870 3413 Quod
887 3339 911 3397 si
927 3337 1061 3416 coniungi
1083 3329 1200 3415 δώμαθ’
1218 3333 1312 3406 ἑστίας
1333 3352 1388 3391 nou

281 3430 416 3495 possunt,
449 3434 498 3480 aut
527 3425 666 3502 scriptura
695 3423 751 3481 alia
780 3433 829 3481 aut
855 3422 911 3480 alia
941 3419 1112 3479 constructio
1137 3419 1285 3478 verborum
1309 3412 1389 3474 adhi-

281 3499 372 3560 benda
402 3515 455 3564 est.
509 3505 542 3564 st
571 3507 729 3584 scriptura,
762 3505 824 3586 quis
854 3526 909 3563 nou
937 3504 1020 3562 facile
1051 3498 1157 3561 ineidat
1177 3502 1205 3559 in
1227 3491 1386 3578 πυλώμαθ’

281 3580 393 3658 ἓστίαςλ
442 3586 484 3647 At
513 3610 568 3647 nou
599 3599 692 3648 tamen
715 3587 792 3648 aredi
813 3599 907 3668 potest
927 3583 1092 3666 Euripidem
1115 3584 1207 3643 inutili
1239 3603 1301 3642 eum
1323 3602 1390 3660 pro·

283 3669 406 3740 nomine,
431 3673 561 3751 quoniam
583 3673 631 3731 vix
651 3673 735 3731 aliter
756 3672 864 3752 expleri
886 3691 983 3731 versus
1006 3679 1108 3749 potest,
1135 3667 1281 3746 scripsisse
1304 3659 1389 3750 ἀκλη-

282 3767 335 3812 στα
350 3757 404 3832 σῆς
417 3751 576 3834 πυλώμαθ’
595 3754 689 3828 ἑστίας
704 3751 803 3818 λιπών.
840 3755 891 3814 Sin
909 3751 1097 3814 construenda
1110 3752 1193 3810 aliter
1209 3757 1275 3807 'sunt
1289 3749 1387 3820 verba,

282 3835 405 3914 pendere
429 3837 629 3912 debellatione
656 3840 868 3918 epraegressis
898 3835 1054 3897 adieetivis.
1105 3831 1202 3913 Atque
1232 3851 1316 3913 quum
1337 3851 1390 3910 pro

282 3915 392 3982 ἀδουλα
412 3921 574 3982 Brunekius
593 3919 764 4005 ἀφρούρητον
792 3922 948 3981 sententiae
971 3919 1122 3978 convenire
1144 3915 1280 3988 dixisset,
1314 3915 1390 3974 Leo·
1494 3909 1505 3936 “

282 4005 387 4082 tingius
404 4009 566 4067 coniecerat
581 4002 726 4088 ἀφρουρα,
748 4005 797 4065 sed
814 4005 910 4064 neseio
925 4023 979 4083 qua
995 4003 1180 4082 peruersitate
1196 3997 1293 4058 iudicii
1306 3996 1391 4058 rediit

282 4086 318 4145 ad
339 4087 544 4151 defendendum
566 4085 684 4152 ἀδουλα.
727 4089 889 4148 Bruuokius
910 4082 1041 4167 ἀβούλως
1062 4082 1240 4144 scribendum
1261 4082 1387 4161 putabat.

240 4179 251 4194 “
281 4169 346 4249 Ego
402 4174 511 4246 uidem,
552 4173 627 4255 quod
661 4171 825 4232 facillimum
855 4170 1021 4242 videbatur,
1061 4165 1173 4249 ἀβουλα
1202 4168 1321 4252 σοςίμοί,
1359 4175 1391 4222 ut

282 4249 411 4339 ἀνληστ,
432 4253 543 4337 ἀβουλα
561 4257 655 4330 ἑστίας
676 4257 893 4334 coniungantur,
917 4253 1147 4333 intelligaturque
1168 4251 1285 4318 domus,
1309 4247 1389 4305 ouius

283 4337 452 4400 ἱματίοισι
473 4342 667 4400 sanctissimus
689 4340 768 4399 loeus
793 4327 1000 4412 (laranltromo
1021 4336 1168 4396 Romanus
1190 4333 1308 4402 diceret)
1339 4345 1388 4385 ue·

283 4439 337 4498 que
359 4423 488 4483 occlusus
510 4435 540 4483 et
560 4426 621 4483 sine
641 4424 779 4502 regimine
801 4422 888 4482 fuerit
908 4440 926 4479 a
945 4419 1080 4481 Menelao
1102 4418 1228 4478 relictus.

365 4537 437 4600 583.
481 4537 550 4598 Par.
574 4539 613 4598 A.
637 4533 728 4620 γυνή,
750 4535 799 4596 sod
821 4559 838 4597 a
860 4547 1033 4596 correctore.
