3026 5134
655 333 721 382 xlx

118 533 160 580 se
187 534 246 605 pro
273 509 382 605 patrie
408 507 624 580 devoventem
650 510 797 584 inserere
823 509 953 585 lehelee
981 513 1112 586 uolehet
1136 511 1242 587 Euli-

116 634 227 732 pides.
277 631 348 708 Sed
376 633 417 706 de
442 633 507 708 loc
530 635 628 708 intre.
668 633 768 709 Nune
794 637 959 711 videemns
985 639 1064 735 quid
1088 639 1240 735 proferet

115 762 180 832 ille
205 759 407 834 domesticae
431 760 482 834 rei
506 761 613 859 megis
643 785 739 858 quem
765 764 919 860 puhlicee
945 765 1102 864 providus
1127 764 1239 838 Eteo-

115 888 205 978 cles,
230 894 404 984 postquam
419 887 533 984 inepte
546 888 618 960 eius
643 887 684 960 de
710 887 916 962 defendendo
929 891 1010 964 urhe
1028 891 1238 964 consihere-
1374 961 1377 966 .

114 1012 239 1086 interit
263 1011 366 1086 Creo.
390 1011 502 1088 Huius
527 1013 654 1088 monitu
679 1035 778 1111 quum
803 1015 952 1113 singulus
979 1025 1093 1116 portes
1111 1017 1238 1118 singn-

114 1140 163 1213 lie
188 1139 380 1236 praelectis,
408 1140 463 1237 qui
488 1140 593 1214 fortes
619 1141 715 1214 simul
742 1149 777 1214 ct
792 1143 972 1240 prudentes
989 1153 1114 1235 esseut,
1140 1152 1239 1216 tuen-

115 1267 180 1338 des
213 1267 418 1338 comunittere
452 1265 667 1359 decreuisset,
701 1291 767 1341 uon
799 1277 928 1367 tempus
962 1293 1037 1344 esee
1070 1270 1151 1342 dicit
1182 1271 1238 1342 in-

112 1399 226 1464 stente
252 1391 348 1465 hoste
372 1416 633 1490 unumquemque
658 1395 847 1467 nominatim
874 1419 1068 1470 memorare.
1094 1395 1136 1467 Id
1163 1420 1236 1468 eum

115 1518 283 1592 dicentem
309 1519 390 1591 lecit
413 1517 608 1616 Euripides,
636 1527 673 1591 nt
693 1519 894 1616 Aeschylum
906 1523 1122 1618 vituperaret,
1149 1522 1238 1619 quod
1267 1503 1270 1512 ’

112 1670 183 1718 nou
210 1647 317 1718 sulum
341 1643 570 1735 iniustissime,
597 1645 655 1716 sed
682 1646 781 1718 etiem
805 1647 1023 1743 ineptissime,
1051 1671 1156 1744 eoque
1181 1649 1238 1722 in·

66 1763 68 1768 ’
113 1771 228 1870 eptius
260 1771 354 1863 lecit,
389 1773 466 1868 quie
500 1770 588 1867 quod
619 1771 653 1845 in
685 1772 853 1869 Aeschylo
889 1772 1122 1870 reprehendit,
1164 1774 1236 1846 cius
1268 1771 1270 1776 ’

113 1898 251 1996 peccati
263 1899 336 1996 ipse
347 1898 458 1970 stetim
471 1921 509 1971 ee
523 1921 614 1970 reum
627 1898 778 1995 pruchet.
794 1898 923 1996 Aperte
935 1923 991 1972 ree
1004 1907 1069 1972 est.
1084 1898 1237 1995 Aeschy-

111 2027 192 2098 leus
222 2023 384 2098 Eteocles
409 2024 445 2096 in
470 2025 691 2124 trepidatione
717 2026 809 2098 urhis
834 2026 1089 2122 imperterritus,
1117 2033 1156 2097 ut
1178 2048 1237 2096 re·

111 2177 193 2250 gem
224 2161 259 2224 et
289 2151 408 2224 lortern
434 2152 539 2224 rimm
564 2150 673 2244 dccet,
699 2151 879 2248 hunqnillo
912 2152 1020 2224 enimc
1054 2150 1145 2223 audit
1178 2150 1236 2247 qui

112 2279 260 2352 hostium
293 2279 395 2350 duces
427 2277 576 2374 singulas
607 2284 724 2374 portes
749 2277 941 2374 aggressuri
966 2277 1055 2368 sint,
1090 2276 1235 2373 dicitque

112 2429 213 2502 quem
245 2400 483 2477 Thebanorum
517 2403 636 2500 cuique
660 2425 705 2474 ex
730 2403 800 2476 illis
825 2410 863 2476 ot
888 2401 1087 2498 condignum
1114 2402 1234 2474 edver-

111 2532 237 2605 sen'um
274 2531 319 2604 sit
358 2530 583 2629 oppositurus.
648 2528 736 2622 Quid
773 2552 852 2602 vcro
883 2527 1103 2626 Euripideum
1133 2529 1235 2602 istum

50 2642 52 2646 ⁵
91 2659 292 2764 'Eteoclcm
316 2657 480 2732 lecturum
506 2656 726 2747 censebimus,
752 2657 807 2728 cui
831 2679 919 2728 nuuc
943 2678 1010 2728 non
1035 2662 1166 2751 tempus
1192 2655 1235 2726 ud

111 2779 342 2862 nominandos
364 2792 491 2881 septem
522 2785 612 2856 uiros
637 2776 811 2880 suppetit?
863 2781 970 2875 Quem
996 2805 1094 2877 quom
1119 2781 1235 2877 paullo

112 2920 193 2987 ente
227 2909 404 2984 viderimus
435 2907 483 2983 ire
514 2911 646 3008 inopem
681 2909 826 3001 consilii,
859 2913 897 2981 nt
921 2907 1019 2982 modo
1045 2908 1111 2981 hoe
1136 2907 1235 2980 modo

111 3038 213 3130 illud,
246 3039 355 3110 omniu
387 3044 495 3110 entem
527 3045 665 3129 temere,
699 3059 783 3132 quae
809 3033 1034 3108 defendendae
1059 3033 1134 3106 urhi
1159 3057 1234 3106 esee

111 3164 273 3265 pntehet,
299 3171 513 3262 proponeret,
541 3161 619 3258 qnid
644 3160 733 3232 eliud
759 3183 847 3233 nnnc
871 3183 967 3256 quem
980 3161 1088 3256 ipsum
1105 3160 1235 3230 nescire

113 3315 199 3390 quos
231 3293 378 3365 nominet
403 3297 570 3387 porterum
598 3287 789 3360 defensores
814 3278 1028 3383 putabimus?
1052 3283 1122 3356 Hic
1145 3283 1233 3354 idem

113 3427 225 3494 eutem
258 3430 323 3492 tem
358 3423 539 3513 occupetur
571 3415 669 3488 homo
705 3422 742 3487 ut
767 3421 893 3512 septem
921 3412 1000 3484 viris
1025 3409 1232 3484 uominundis

114 3569 181 3620 non
208 3553 262 3618 eet
293 3546 354 3617 otii
385 3545 518 3635 haheat,
553 3565 677 3616 vecuus
702 3549 755 3614 est
779 3541 822 3613 ed
847 3539 1000 3612 mundata
1016 3533 1164 3645 ¹Creonti
1191 3536 1233 3606 de

114 3673 240 3770 nuptiis
280 3672 406 3744 sororis
446 3693 525 3768 enee
561 3693 635 3744 cum
669 3669 762 3741 illius
801 3667 872 3740 filio
907 3665 1079 3748 Haemone
1112 3661 1232 3734 dende.

114 3798 203 3872 Num
235 3798 312 3870 huic
343 3797 394 3881 rei
425 3820 513 3868 uunc
542 3804 673 3892 tempus
706 3787 806 3866 eret?
870 3790 1013 3864 Scilicet
1043 3786 1233 3860 necessarie

62 3998 67 4010 ,
116 3923 313 4018 ecquidem
345 3930 410 4014 est,
437 3923 496 3996 sed
522 3947 588 3994 non
612 3926 750 4018 propter
775 3918 959 4012 argumenti
985 3937 1069 4010 quoe
1093 3914 1129 3983 iu
1155 3934 1232 4006 pro·
1291 3931 1294 3934 ·

117 4049 197 4143 logo
229 4047 341 4143 posite
372 4056 423 4120 est
463 4036 638 4136 rationem,
664 4065 776 4115 rernm
813 4041 889 4137 quie
914 4047 1034 4137 poetae
1059 4038 1127 4108 isto
1153 4057 1232 4106 con-

116 4173 217 4247 nuhio
244 4195 328 4269 opus
355 4181 407 4244 cst
431 4173 472 4244 ed
499 4193 551 4262 ce,
579 4193 662 4266 quae
689 4169 720 4239 ci
745 4175 878 4264 praeter
895 4163 1078 4263 ergurnenti
1104 4158 1232 4231 descri-

116 4304 263 4400 ptionem
296 4297 478 4372 collibitum
511 4304 563 4369 est
601 4297 765 4368 intexere.
823 4291 951 4364 Eadem
983 4311 1101 4362 ceuceu
1133 4287 1230 4358 etium

117 4431 183 4502 elie
208 4429 301 4524 loqui
326 4423 424 4500 istum
458 4432 523 4498 tom
550 4446 684 4521 pereum
709 4420 870 4517 temporis
894 4417 1067 4494 Eteoclen
1095 4437 1231 4488 necesse
