2974 5138
352 1240 922 1372 PRAEFATIO.

495 1554 795 1566 -η--η--α-

31 1565 33 1606 l

31 1659 33 1720 l

174 1745 296 1853 Dum
334 1777 495 1876 Aeschyli
527 1779 716 1878 tragoedias
747 1783 843 1855 multi
871 1807 893 1854 a
924 1807 976 1855 rne
1008 1782 1192 1880 requirnnt,

31 1939 33 1998 ὲ
87 1917 139 1990 ego
162 1901 321 1993 mter-im,
343 1898 470 1971 maiora
488 1899 658 1997 pruiesses
675 1908 887 1999 exspectaus,
911 1899 1075 1974 lielenam
1087 1897 1194 1970 Enri-

31 2059 33 2132 Ν
86 2011 165 2106 qidis
181 2016 289 2092 edere
310 2017 454 2090 institui.
485 2014 673 2090 Videbatur
692 2019 779 2092 enirn
799 2043 842 2091 ne
863 2018 947 2092 haee
963 2016 1094 2116 quidem
1114 2015 1194 2087 inu-

31 2148 32 2164 *
88 2130 152 2204 tilis
172 2159 282 2233 opera
303 2135 390 2226 iere,
415 2135 446 2207 si
470 2133 650 2229 efficerem,
676 2143 714 2208 ut
732 2136 801 2233 legi
822 2135 895 2210 uine
911 2135 1093 2209 offensione
1109 2134 1194 2207 haec

87 2260 194 2344 posset
218 2250 409 2350 tragoedia.
460 2249 720 2352 Corruptissima
739 2253 826 2328 eninr
843 2279 943 2352 quum
964 2261 1066 2346 esset,
1090 2253 1195 2325 multa

88 2369 316 2444 emendatione
339 2367 523 2466 indigebat.
577 2371 664 2444 Eam
694 2396 773 2444 uero
806 2371 901 2444 nolui
931 2379 1046 2446 tacens
1070 2372 1194 2444 lacera.

89 2479 176 2556 Nam
191 2486 231 2559 de
243 2486 375 2586 tmpede
390 2486 553 2562 dictiones
569 2487 668 2561 edere
683 2485 854 2585 Apollinis
879 2496 947 2560 est:
967 2512 1029 2560 nos
1050 2489 1194 2560 homun-

90 2601 192 2696 culos,
221 2605 278 2704 qui
303 2605 430 2678 erroris
455 2630 522 2679 non
545 2608 706 2679 immunes
730 2627 856 2698 sumus,
880 2605 1027 2678 rationes
1044 2602 1193 2678 neddere

92 2714 191 2793 decet.
243 2724 355 2822 Atque
370 2747 469 2823 quum
486 2723 528 2796 ad
542 2723 802 2799 emendationem
815 2723 1006 2797 necessaria
1025 2723 1070 2796 ait
1084 2723 1193 2795 inter-

92 2841 250 2935 pretatio,
278 2867 345 2914 non
376 2849 414 2913 ut
445 2841 533 2915 adsit
560 2844 619 2916 uhi
651 2867 733 2915 non¹
750 2867 833 2941 epus
865 2850 935 2936 est,
969 2841 1028 2916 sed
1048 2849 1108 2934 ut,
1135 2840 1193 2914 uhi

95 2979 168 3052 opus
192 2968 267 3054 cst,
292 2985 335 3034 ne
360 2960 466 3054 desit,
497 2969 624 3034 tanturn
649 2959 859 3034 tribuendum
884 2961 965 3033 duxi
988 2961 1194 3058 inter-quete-

97 3073 182 3171 lieni,
203 3086 363 3177 qnantum
385 3077 665 3154 accommodatum
682 3085 770 3150 esset
789 3078 833 3152 iis
849 3079 906 3174 qui
920 3078 1064 3152 lectione
1084 3076 1195 3172 tragi-

97 3215 198 3268 corum
225 3197 309 3270 satis
335 3207 445 3270 essent
469 3195 657 3271 exercitati.
708 3193 796 3268 Nam
812 3197 881 3269 sire
907 3197 981 3294 quis
1006 3195 1194 3282 dissinnlut

97 3308 252 3388 inscitiam
285 3314 527 3413 interpretandi
561 3313 704 3410 superbe
732 3315 887 3406 silentio,
918 3313 988 3386 sire
1020 3309 1193 3386 seientiam

97 3431 187 3505 multa
208 3433 413 3531 loquacitate
437 3430 583 3523 simulat,
609 3431 709 3504 facile
722 3433 844 3529 qualis
864 3432 909 3504 ait
925 3429 1194 3529 deprehenditur,

97 3543 147 3616 uhi
176 3559 311 3624 rentum
343 3558 395 3624 est
427 3550 469 3622 ad
501 3549 663 3622 diflicilia.
719 3547 837 3648 Itaque
863 3549 1043 3623 curandum
1067 3548 1195 3646 putari,

98 3684 133 3736 re
150 3691 287 3742 caussae
308 3668 572 3742 emendationum
596 3671 741 3743 laterent
760 3668 934 3761 lectorem,
958 3691 1042 3741 nere
1065 3666 1195 3740 deesset

35 3878 36 3886 ἵ
98 3779 134 3852 ad
154 3785 343 3859 iaciendum
368 3787 527 3861 iudicium
552 3781 704 3862 materia.
758 3785 961 3885 Propterea¹
977 3807 1049 3884 per.
1065 3806 1193 3857 omnam

33 3892 35 3919 ¹
100 3896 230 3976 sahulem
265 3904 421 3979 adnotari
448 3915 596 3980 veterum
625 3905 787 3981 librorum
821 3905 1017 4003 scripturas.
1072 3899 1121 3972 Et
1152 3896 1194 3971 de

100 4009 290 4096 Florentinis
316 4023 447 4120 quidem
474 4025 601 4098 duobus
626 4023 796 4096 codicibus
821 4024 973 4120 libroque
997 4015 1194 4090 Victoriana

100 4140 200 4210 retuli
229 4165 315 4237 quae
345 4142 483 4215 tradidit
513 4144 559 4216 A.
584 4142 762 4215 Matthiae.
819 4136 1072 4212 Parisiensium·
1086 4143 1195 4210 autem

100 4249 242 4330 lilrornrn
256 4257 486 4356 Musgrauius,
501 4260 561 4333 sed
580 4261 740 4332 remoram
759 4283 855 4355 quarn
870 4257 1029 4328 vellemus
1043 4255 1195 4328 notitiam

100 4367 320 4473 suppeditavit.
355 4375 427 4450 Eos
447 4379 574 4450 notavit
597 4377 720 4448 litteris
738 4373 783 4446 E.
810 4381 844 4446 et
870 4370 916 4448 G.
955 4372 1010 4445 Ac
1028 4375 1122 4471 prior
1135 4371 1218 4446 ille

102 4485 249 4567 incenium
272 4495 412 4568 meliora
425 4495 567 4570 caeteris
583 4493 734 4594 praebet.
784 4491 877 4584 Quos
892 4515 970 4564 uero
984 4491 1031 4565 ll.
1046 4489 1197 4588 Stepha-
