3022 5140
802 306 851 380 68

373 483 552 583 πείθομαι
568 484 633 561 καὶ
650 483 722 562 σὺν
734 485 950 564 Λαπίθαισί
964 510 1003 564 σε
1013 486 1239 590 Κενταύροις
1255 488 1384 590 ὁμιλῆ-

374 632 436 684 σαι
460 607 544 708 δορὶ
567 607 791 713 κλεινοτάτην
816 611 881 688 καὶ
903 613 962 689 ἐπ’
981 611 1120 718 Ἀμμαί-

375 762 422 809 οο
447 732 558 835 δορὸς
583 735 715 821 ἄξενον
738 735 863 840 ὑγρὰν

376 860 576 959 ἐκπορᾶσαι
600 867 757 936 ποντιᾶν
781 858 1076 966 Συμπληγάδων

376 981 527 1060 κλεινὰν
552 982 611 1058 ἐπὶ
634 985 872 1075 νανστολίαν,

372 1104 509 1183 Ἰλιοίιία
534 1138 574 1183 τε
602 1105 710 1186 πόλιν
735 1110 864 1187 ὅτιτὸ
894 1107 1011 1211 meique

275 1303 558 1318 m

360 1427 434 1488 772.
483 1423 553 1485 Ald.
578 1427 643 1489 rell.
665 1426 752 1488 taso.
775 1429 856 1488 Flor.
879 1429 910 1492 2.
935 1429 1032 1489 Guelf.
1054 1429 1143 1489 Taur.
1174 1426 1314 1530 πείθομαι
1335 1424 1385 1488 κοιλ

278 1502 334 1571 oda
353 1507 523 1570 Λαπίθαισί
549 1526 595 1585 σε,
622 1509 672 1572 καὶ
693 1508 867 1594 Κενταύρων
893 1508 1028 1594 ὁμιλῆσαι
1048 1511 1114 1592 depe
1130 1505 1308 1596 κλεινοτάτην.
1350 1510 1384 1568 ln

279 1592 347 1652 Par.
371 1592 410 1650 A.
433 1591 513 1651 Fior
537 1591 576 1652 A.
602 1594 652 1656 10
677 1596 809 1654 omissum
840 1613 889 1672 σε,
917 1617 969 1677 pro
996 1617 1051 1702 quo
1071 1593 1142 1654 Par.
1166 1595 1203 1654 Β.
1224 1573 1305 1654 Flor.
1330 1594 1382 1656 15.

278 1698 316 1738 τε.
357 1674 471 1735 Deinde
492 1673 561 1735 Par.
585 1675 622 1735 Β.
646 1676 727 1736 Flor.
743 1677 783 1737 A.
809 1679 858 1742 10.
884 1681 933 1742 15.
956 1703 1007 1742 και
1028 1674 1212 1761 Κενταύροις
1254 1677 1323 1737 Par.
1341 1674 1381 1734 A.

280 1753 471 1856 Κενταύροις
478 1759 539 1818 sine
561 1759 619 1820 καί.
666 1759 792 1821 Mirifice
822 1774 970 1866 argptatur
989 1762 1148 1835 Matthiae,
1180 1782 1236 1820 non
1265 1757 1385 1819 eredens

282 1862 448 1944 quemquam
464 1841 503 1900 ita
519 1843 698 1942 loquuturum
715 1841 813 1917 fuisse,
837 1845 947 1925 πείαομ
948 1845 981 1908 οιί
1001 1863 1032 1908 σε
1053 1840 1108 1907 udo
1128 1844 1297 1906 Λαπίθαισι
1312 1847 1385 1904 Κεν

280 1921 399 2027 ταύροις
419 1919 554 2004 ὁμιλῆσαι
575 1925 649 2007 δορί,
672 1928 711 1985 ita
732 1938 764 1985 ut
775 1928 945 1989 Aonidum
965 1948 981 1986 e
998 1929 1206 2009 praepositione
1228 1922 1291 2001 σύν,
1312 1930 1386 1987 Κεν-

278 2003 397 2091 ταύροις
422 2018 515 2066 autem
543 2008 667 2068 everbo
697 2004 832 2089 ὁμιλῆσαι
854 2010 1008 2089 penderet,
1041 2013 1087 2070 eui
1115 2013 1172 2070 alia
1198 2011 1308 2070 ratione
1334 2006 1385 2068 ad-

279 2094 404 2152 iunctum
426 2101 502 2150 esset
522 2091 594 2173 δορί.
644 2093 677 2151 In
707 2094 808 2191 quihus
834 2094 963 2152 omnihus
985 2094 1054 2154 nihil
1076 2114 1192 2196 prorsus
1213 2093 1384 2152 difficultatis

278 2186 333 2236 est.
386 2172 471 2248 Quod
497 2185 590 2234 autem
617 2177 746 2254 quaerit,
775 2195 826 2235 eur
854 2197 910 2235 non
934 2175 1084 2236 Centauris
1111 2173 1184 2259 δόρυ
1204 2170 1386 2238 κλεινότατον

279 2258 366 2318 tribui
387 2259 494 2338 possit,
525 2259 608 2338 plane
638 2257 741 2318 oblitus
762 2259 875 2320 uidetur
893 2259 1021 2320 Peliadis
1042 2262 1159 2334 hastae,
1189 2259 1224 2320 de
1246 2280 1301 2340 qua
1322 2259 1385 2318 Ho-

280 2361 373 2402 merus
394 2339 477 2400 Iliad.
501 2341 586 2403 XVI.
610 2341 681 2406 140.

381 2435 515 2544 ίηηοςδ
540 2435 594 2520 οὐχ
614 2434 685 2502 ἕλετ’
710 2435 813 2504 αἶαν’
795 2435 950 2548 αμιίμονος
964 2441 1120 2517 Αἰακίδαο,

283 2573 290 2587 .
379 2518 490 2625 deperi,
511 2521 607 2630 μίμα,
613 2521 766 2607 στιβαρόν·
787 2522 820 2588 τὸ
844 2522 950 2605 μέν’
916 2549 952 2588 ον
974 2521 1073 2588 δύνατ’
1097 2522 1183 2598 αλλος
1198 2521 1323 2606 Ἀχαιῶν

382 2602 515 2684 πάλλειν,
536 2603 608 2668 αλλοί
630 2631 680 2687 μιν
700 2603 762 2711 plor
783 2607 915 2671 ἐπίστατο
935 2614 1026 2709 πῆλαι
1042 2604 1195 2688 Ἀχιλλεύς,

383 2655 521 2770 Πηλιάδα
541 2691 658 2770 μελίην,
679 2686 733 2770 τὴν
752 2692 839 2793 πατρί
859 2693 935 2777 φίλῳ
954 2687 1027 2794 πόρε
1048 2694 1164 2792 Χείρων

380 2773 501 2852 Πηλίου
522 2771 554 2834 ἐν
574 2778 724 2859 κορυφῆς,
745 2770 840 2851 φόνον
860 2754 1021 2854 ἔμμεναι
998 2770 1149 2856 ηροίεσσιν.

362 2873 436 2934 773
481 2870 578 2930 Guelf.
601 2871 691 2931 Taur.
713 2867 782 2930 Ald.
807 2873 871 2931 rell.
895 2869 998 2934 aad
964 2897 1019 2956 pop
1046 2870 1106 2937 ἐπ’.
1148 2873 1235 2934 Lase.
1264 2883 1295 2932 et
1320 2889 1386 2931 eae·

278 2955 336 3014 teri
357 2951 440 3013 codd.
465 2955 596 3014 omittunt
615 2949 679 3036 γάρ.

363 3045 437 3116 775.
481 3052 551 3112 Par.
566 3054 602 3114 Β.
618 3051 699 3112 Flor.
718 3053 769 3118 10.
794 3049 921 3134 15.τῆν
940 3055 1069 3118 ποντίαν.
1111 3055 1304 3116 Caeteridibri
1324 3055 1386 3113 sino

282 3137 403 3197 articulo
421 3138 552 3200 ποντίαν.
594 3135 680 3197 Lase.
705 3136 775 3197 Par.
793 3137 832 3197 E.
857 3139 938 3198 Flor.
961 3141 993 3202 2.
1015 3135 1223 3238 Συμπληγάδα.
1263 3136 1333 3197 Add.
1357 3148 1388 3196 et

283 3223 390 3282 caeteri
419 3215 625 3303 Ξομπληηοίδα.
673 3221 898 3302 Interpretautur
919 3222 973 3281 hoe
994 3223 1049 3296 ita,
1082 3244 1115 3284 ae
1142 3224 1166 3282 si
1188 3215 1387 3302 Σομπληγαδα

283 3305 485 3365 substantivum
502 3304 635 3364 adiuncta
655 3305 774 3365 haberet
790 3301 971 3410 epitheta''§
936 3331 956 3367 α
971 3328 1037 3368 ενον
1051 3301 1110 3411 piyq
1089 3302 1145 3388 ρὰν
1159 3305 1288 3368 ποντίαν.
1317 3303 1385 3362 Non

283 3390 325 3447 sie
347 3389 418 3448 haee
432 3389 539 3448 Graeoi
557 3389 774 3486 intelligebant,
797 3385 956 3490 ηιιίλιιιιἼξ
920 3413 939 3448 α
956 3411 1021 3462 ενος
1074 3386 1115 3488 pdt
1134 3400 1198 3450 erat
1216 3389 1385 3466 ιἰιΙιοιμιλιιιιι

282 3490 373 3533 roure.
413 3471 481 3531 Non
495 3472 593 3569 ’magis
613 3471 735 3533 ποντίαν
752 3467 944 3553 σνμπληηοίδα
964 3492 1015 3551 pro
1037 3493 1054 3531 a
1074 3474 1182 3533 ieetivis
1205 3491 1268 3530 eum
1288 3490 1387 3531 ναυτι-

282 3553 348 3615 λίαν
369 3555 503 3633 eoniungi
529 3565 656 3633 possunt.
708 3554 883 3615 scholiastes
912 3554 985 3635 apud
1006 3543 1186 3635 Lenting'iunr
1216 3554 1307 3616 λείπει
1332 3547 1387 3632 τῆν

281 3634 397 3719 πέτραν.
446 3634 558 3700 Videor
581 3638 649 3697 mihi
672 3638 746 3698 haee
771 3637 936 3698 emendasse
966 3640 1103 3698 restitutis
1132 3638 1282 3717 genitivis:
1322 3655 1386 3695 nam

280 3741 378 3822 quum
389 3721 523 3800 seriptum
544 3721 573 3779 in
594 3722 788 3800 antiquissimo
809 3722 882 3782 libro
897 3720 1025 3781 riderent
1042 3723 1153 3782 scribae
1173 3720 1294 3784 ποντίαν
1315 3736 1387 3797 dopo

282 3799 411 3887 πληγάδ,
440 3803 469 3863 id
497 3824 584 3884 pravo
608 3817 728 3866 accentu
747 3806 866 3884 epitheti
887 3804 1000 3864 adducti
1021 3816 1155 3884 putarunt
1175 3822 1238 3864 esse
1265 3803 1387 3864 ποντίαν

282 3883 490 3970 Συμπληγάδα.
532 3885 642 3947 Pluraii
662 3908 773 3968 semper
792 3909 858 3948 usus
880 3885 1043 3967 Euripides.

365 3990 438 4050 777
490 3985 559 4046 ΑΙιί.
586 3988 655 4048 rell.
674 3982 784 4050 Ἰλιιίδα
811 4011 841 4050 τε
868 3983 973 4060 πόλιν,
1003 4009 1051 4050 οιε
1075 3980 1169 4065 ποίρος
1195 3976 1387 4065 εὗδόνιμοςὸ

282 4066 357 4145 Διὸς
378 4064 470 4143 ἴας’
454 4093 518 4174 αμφ
518 4068 619 4150 ἔβαλεν
647 4065 737 4156 φόνῳ.
785 4071 868 4132 Nihil
894 4030 1099 4150 disedepantiae
1120 4069 1283 4130 adnotatum
1324 4085 1372 4126 rae

279 4165 410 4234 torquem
433 4155 461 4212 in
481 4149 656 4233 τἰμφί,βαλον
677 4134 785 4232 qdod
777 4176 805 4213 in
824 4154 894 4216 Par.
918 4156 954 4215 Β.
973 4155 1053 4214 Flor.
1075 4153 1115 4214 A.
1142 4154 1193 4218 10.
1221 4154 1271 4215 15.
1295 4089 1387 4227 duod·

280 4237 413 4318 βαλλε,
405 4258 434 4296 ιιι
448 4236 519 4296 Par.
536 4235 576 4295 A.
598 4235 636 4296 Β.
652 4237 731 4296 utor.
752 4239 784 4302 2.
801 4238 896 4299 Havn.
913 4239 1009 4298 Gueli.
1032 4237 1118 4298 Lase.
1140 4247 1219 4296 reete
1241 4231 1388 4315 ἀμφέβαλε

281 4321 427 4398 seriptum.
479 4319 553 4380 Sunt
572 4319 602 4380 ti
622 4318 678 4380 duo
699 4341 798 4382 versus
819 4320 939 4383 dimeter
959 4333 988 4380 et
1008 4322 1136 4382 trimeter
1157 4319 1285 4394 iambici,
1287 4333 1386 4420 quos

282 4421 398 4464 neeesse
427 4414 471 4464 est
499 4423 556 4464 una
580 4405 770 4501 perpetuitate
797 4406 910 4465 numeri
939 4404 1101 4467 decurrere.
1146 4403 1243 4480 Quare
1265 4395 1299 4464 τὸ
1320 4409 1387 4459 ante

277 4480 373 4566 πάρος
393 4485 518 4559 inserui,
542 4495 572 4546 et
591 4486 704 4545 restitui
723 4488 874 4547 articulum
893 4499 962 4549 ante
982 4483 1072 4562 Διός,
1094 4505 1177 4566 quern
1199 4485 1287 4558 odim,
1311 4481 1388 4566 quod
