2996 5136
791 303 844 373 70

637 507 691 580 Μ
691 509 726 578 Ε
729 511 769 580 Ν
771 505 850 579 nA
855 509 892 580 A
902 504 934 582 Ο
943 511 991 580 Σ.

262 656 485 760 θαυμαστοί·
523 667 593 735 τοῦ
616 660 853 760 πῄαψαντοςς
886 657 1053 738 ὥδανοὶ
1078 656 1191 761 λόγοι.

708 862 928 937 ΕΛΕΝΗ.

193 1052 255 1112 690
363 1009 624 1114 κατεδάκρυσα
647 1013 712 1088 καὶ
735 1012 928 1115 βλέφαρον
951 1014 1121 1116 ὑγραίνω

362 1136 566 1242 δάκρυσιν·
607 1137 632 1212 οἳ
657 1135 748 1222 Διός
768 1138 807 1236 μ’
827 1138 958 1234 ἄλοχος
981 1139 1126 1215 ιίίλεσεν.

628 1341 982 1417 ΜΕΝΕΛΑΟΣ.

257 1499 374 1599 Ἥρα,·
404 1494 441 1571 τί
465 1523 545 1596 νιρν
561 1491 753 1604 χρῄζουσα
777 1496 994 1593 προςθεῖναι
1014 1503 1144 1570 κακῶν
1148 1525 1166 1585 ,·

705 1698 785 1770 ΕΛ
790 1701 869 1772 ΕΝ
872 1700 924 1770 Η.

362 1833 460 1932 pipios
480 1833 583 1930 ἐμῶν
606 1829 759 1918 δεινῶν,
785 1835 955 1931 λουτρῶν
974 1828 1040 1906 καὶ
1062 1835 1224 1930 κρηνῶν,
1255 1893 1257 1900 .

360 1959 425 2031 ἵνα
447 1956 534 2031 θεαὶ
555 1954 709 2055 μορφὰν
729 1953 964 2056 ἐφαίδρυναν
986 1955 1047 2030 ἕν-

182 2096 252 2158 ·696
361 2082 434 2156 θον
458 2083 589 2177 ἔμολον
610 2080 740 2181 κρίσις.

259 2380 307 2458 qui
328 2397 425 2440 eoronr
447 2377 650 2461 intelligendus
672 2381 710 2442 sit
730 2381 887 2456 indicetur,
922 2385 1019 2463 inepta
1040 2385 1078 2443 sit
1100 2383 1202 2444 oratio.
1245 2380 1279 2444 lt
1302 2399 1368 2442 sen·

258 2465 334 2524 tiens
344 2461 500 2525 Elmsleine
517 2464 554 2525 ad
573 2465 635 2547 lpb.
657 2467 746 2527 Taur.
762 2473 836 2539 est,
853 2479 882 2530 1.
902 2467 988 2527 scribi
1004 2467 1105 2528 iussit:
1131 2465 1148 2530 ό
1158 2461 1243 2539 Διός,
1256 2464 1367 2540 better,

259 2539 286 2608 oi
307 2543 398 2622 πίοι,
420 2551 525 2623 Μαίας
545 2573 576 2612 τε
598 2555 669 2622 παῖς
690 2550 832 2613 ἐπέλασεν
856 2551 964 2628 Νείλῳ.
1013 2550 1055 2610 At
1077 2571 1141 2611 num
1164 2569 1283 2611 necesso
1305 2563 1369 2610 erat

258 2630 301 2690 sic
328 2631 384 2690 ista
403 2634 529 2714 corrigi,
561 2643 592 2692 ut
612 2634 737 2693 insolens
765 2634 908 2714 correptio
928 2633 1111 2694 inferretur?
1151 2632 1289 2698 Potueret
1311 2635 1367 2695 sal·

257 2724 334 2774 tem:
362 2713 380 2776 ὁ
397 2713 488 2792 Διός,
511 2713 528 2779 ἆ
545 2713 631 2790 Διός,
650 2705 772 2790 binubos,
794 2737 831 2794 με
848 2721 919 2788 παῖς
937 2717 1042 2790 Μαίας
1056 2712 1081 2776 τ’
1096 2713 1238 2778 ἐπέλασεν
1255 2719 1366 2800 Νείλῳ.

257 2795 318 2858 Sed
339 2797 559 2938 epis-spondeat
579 2809 691 2878 poetam
713 2819 769 2857 non
788 2794 902 2880 Ἑρμᾶς
921 2798 1074 2878 posuisse?
1109 2797 1143 2860 ltl
1164 2810 1194 2860 ut
1213 2802 1367 2884 simplicius

256 2899 313 2959 ego
335 2899 351 2939 e
372 2900 456 2940 scrvr.

340 2984 414 3041 689.
465 2978 565 3038 Libri:
605 2975 765 3058 θαυμαστὰ
799 2984 856 3043 τοῦ
884 2979 1060 3060 πέμψαντος
1093 2973 1120 3044 σί
1146 2980 1240 3044 bercol
1271 2980 1366 3066 λόγοι.

258 3059 343 3136 Quod
364 3061 522 3142 suspicatus
544 3072 607 3121 erat
625 3061 779 3135 Matthiae,
803 3064 984 3126 scribendum
1003 3085 1090 3128 esses
1112 3063 1289 3147 θαυμαστοί·
1311 3073 1367 3130 τοῦ

256 3147 449 3228 wipponem
475 3143 577 3204 merito
600 3147 710 3228 recepit
730 3147 889 3230 Pilogluius.

342 3252 415 3309 692.
457 3243 560 3320 Libri,
583 3243 664 3328 Ἥρα
692 3247 928 3329 praecedentibus
955 3245 1086 3310 Helenae
1113 3249 1210 3309 verbis
1230 3248 1367 3330 adiicien-

256 3342 323 3390 teez
347 3332 424 3390 ME.
446 3331 538 3392 τίνων
550 3329 699 3414 χρῄζουσα
718 3341 896 3410 προςθεὶναι
911 3335 1030 3408 καλοίη
1061 3331 1130 3394 Dixi
1149 3332 1177 3392 in
1191 3334 1365 3411 praefatione

255 3411 400 3474 Draconis
418 3409 642 3476 Stratonicensis
664 3426 752 3478 totum
772 3437 886 3479 versum
902 3415 1029 3476 Menelai
1046 3435 1123 3488 esse,
1147 3416 1288 3496 scribique
1311 3416 1365 3476 boc

256 3491 340 3554 mollo
360 3492 482 3556 deberet
507 3493 604 3576 ‘'Hpe;
635 3498 665 3558 τί
685 3522 747 3576 upon
765 3498 914 3582 χρῄζουσα
935 3505 1113 3572 cooperiens
1134 3505 1251 3576 κακῶνς
1291 3497 1365 3558 Pro-

254 3577 388 3655 bavitque
409 3576 584 3639 Scbeelerns
609 3579 646 3640 acl
668 3582 758 3642 sebol.
784 3581 928 3661 Apollonii
956 3580 1200 3660 ltbotliip.175.
1250 3581 1295 3640 Ac
1319 3600 1364 3639 re-

256 3671 394 3737 ceperunt
414 3669 532 3723 eatenus
553 3661 713 3737 Mattbiae,
741 3663 900 3735 Diodorlii,
928 3663 1095 3743 Pilugkius‚
1119 3663 1242 3741 ut‘'Hpn
1263 3662 1369 3722 dorent

254 3742 401 3802 Menelao.
446 3741 570 3806 Caetera
590 3747 732 3809 Matthiae
760 3749 801 3808 sic
828 3745 995 3828 explicando
1020 3747 1145 3828 putavit,
1175 3757 1206 3806 ut
1226 3747 1363 3806 coniuste

255 3826 314 3886 siut
335 3824 407 3888 duae
427 3827 596 3903 locutiones,
618 3833 710 3894 τλυυυ
729 3835 831 3893 κακῶν
850 3827 1015 3912 χρῄζουσα,
1038 3839 1068 3889 et
1088 3831 1155 3890 τίυα
1175 3825 1252 3892 aaut
1273 3851 1363 3903 προς-

254 3913 358 3974 brim
371 3907 530 3993 χρῄζουσα.
552 3913 618 3974 lloc
629 3925 685 3975 ιοοι
700 3925 841 3994 ergotunr,
856 3932 937 3994 quam
952 3914 1128 3974 invenustum
1137 3924 1191 3976 est.
1215 3913 1364 3992 anginius

253 4014 342 4068 vcro,
372 3996 419 4055 cui
439 3995 468 4058 τί
488 4019 551 4080 cpe
569 3997 694 4059 inutilem
716 3999 907 4058 coniecturam
924 4014 1028 4058 vocare
1043 3997 1160 4075 placuit,
1183 4018 1235 4078 pro
1252 3998 1363 4077 vulgari

252 4079 321 4142 τίνα
340 4076 489 4161 χρῄζουσα
510 4088 689 4160 neoresium
710 4077 786 4144 κακοί
810 4081 976 4162 exquisitius
990 4091 1101 4162 poetam
1124 4082 1276 4163 scripsisse
1296 4102 1365 4142 cen·

254 4161 313 4221 soit
331 4165 423 4227 τίνων
442 4169 543 4228 κακῶν
564 4163 731 4246 χρῄζουσα,
755 4171 941 4246 προςθοῖνασ.
987 4165 1096 4226 Vellem
1116 4165 1162 4225 vir
1176 4165 1298 4246 optiruue
1311 4163 1362 4224 ‹lo-

254 4246 392 4319 ctrinorn,
429 4267 511 4330 quam
540 4248 695 4310 intuenda
722 4251 778 4309 ista
801 4250 1010 4310 constructione
1034 4249 1227 4330 exprompsit,
1261 4247 1361 4307 melius

254 4328 439 4402 collocasset,
479 4333 690 4414 cogitassetque
717 4331 783 4393 illud
814 4334 912 4393 inutile
932 4345 1017 4404 esse,
1052 4332 1077 4390 si
1098 4333 1161 4412 quis
1183 4341 1311 4393 contorta
1331 4339 1362 4389 et

255 4410 338 4492 longe
357 4412 484 4490 quaesita
504 4416 596 4493 planis
617 4427 647 4477 et
667 4418 710 4477 rei
731 4416 966 4478 convenientibus
986 4416 1158 4497 praeferret.

338 4513 412 4576 695·
455 4509 534 4572 itti.
557 4524 627 4574 vett.
651 4513 747 4596 ἔμολε.
