2996 5136
779 333 852 410 tto

582 533 1050 614 ΘΕΟΚΛΥΜΕΝΟΣ.

260 688 297 765 τί
318 685 387 784 (λής
419 685 503 762 τόδ’
526 686 652 773 Ἑλλὰς
674 681 839 790 νόμιμον
860 690 1022 777 ἐκτίνος
1047 693 1167 791 σέβει,·
1226 753 1230 760 .

641 910 891 984 ΜΕΝΕΛΑ
902 908 989 986 ΟΣ.

181 1100 184 1110 =
260 1059 311 1144 ὥς
334 1061 387 1159 μή
413 1036 524 1136 παλλιν
549 1069 598 1164 γῇ
622 1060 763 1161 θύματ’
790 1065 951 1162 ἐκβάλλῃ
975 1060 1137 1143 κλύδων.
1251 1077 1253 1086 “

578 1281 1047 1366 ΘΕΟΚΛΪΜΕΝΟΣ.

171 1456 253 1512 raso
261 1437 445 1516 Φοίνισσα
469 1431 584 1535 κώπηι
599 1437 809 1541 ταχύπορος
832 1430 1034 1547 γενήσεται.
1128 1471 1130 1480 “
1165 1433 1169 1446 '

590 1641 593 1650 ⁴
632 1647 1003 1740 massanos:

258 1820 381 1900 καλῶς
406 1811 455 1890 ἄν
480 1815 553 1916 εἴη,
582 1811 759 1916 Μενέλεῴ
779 1843 822 1891 τε
848 1816 941 1916 πρὸς
961 1813 1087 1918 χάριν.

580 2014 775 2090 ΘΕΟΚΛ
789 2017 1045 2091 ΥΜΕΝΟΣ.

205 2141 206 2144 ¹
259 2164 397 2241 οὐκοῦν
420 2161 472 2239 σὺ
488 2160 604 2264 χωρὶς
626 2161 734 2258 ariade
759 2161 1013 2266 δρῶνᾶρκεῒς
1036 2161 1146 2254 cdde5
1200 2188 1203 2199 ·
1266 2177 1270 2187 “
1311 2195 1314 2204 ·
1354 2193 1357 2198 ·

343 2489 434 2546 1288.
477 2481 573 2560 Vulgo
595 2491 659 2562 post
685 2480 715 2543 τλ
736 2477 773 2564 dai
799 2484 907 2563 virgula
928 2481 1189 2562 interpungeltatur.
1244 2481 1366 2545 Sustulit

258 2568 512 2648 interpunctionem
523 2563 562 2628 L.
576 2561 754 2626 Diodorlins.
786 2563 959 2628 Schaeierus
979 2563 1172 2644 interrogandi
1188 2561 1298 2644 signum
1314 2586 1364 2646 po·

258 2653 330 2724 suit,
353 2670 435 2730 quem
456 2645 628 2728 sequendum
651 2647 729 2708 duni.

344 2765 435 2820 1289.
478 2753 555 2815 Edd.
578 2764 648 2814 vett.
673 2751 715 2828 oie
735 2751 776 2834 μὴ
798 2751 890 2818 πάλιν
911 2761 952 2840 γῇ
970 2752 1073 2836 λύματ’
1087 2748 1215 2837 ἐκβάλλῃ
1234 2754 1362 2819 κλύδων.

257 2842 339 2902 Flor.
358 2853 387 2904 1.
409 2852 440 2902 2.
472 2837 594 2919 ἐκβάλῃ.
642 2837 799 2898 Praestare
828 2837 942 2902 videtur
967 2859 1118 2920 praesens,
1149 2839 1214 2917 quia
1245 2859 1300 2898 noo
1327 2839 1363 2904 te

257 2945 313 2984 nno
336 2927 409 2984 iacto
432 2923 563 3001 loquitor.
611 2918 739 2997 Λύματα
761 2922 984 3002 interpretantur
1001 2927 1158 3004 promente,
1186 2923 1285 2982 nescio
1308 2944 1363 3004 quo

257 3007 303 3066 vel
325 3017 442 3067 auctore
464 3005 508 3065 vel
529 3015 705 3084 argumento.
749 3005 823 3064 Nam
839 3005 912 3090 quod
931 3007 1105 3087 grammatici
1120 2999 1300 3086 καθάρματα
1313 3027 1363 3067 vo-

256 3100 339 3164 cant,
368 3109 402 3150 ea
423 3110 478 3149 vox
498 3089 579 3148 aliam
603 3087 688 3147 habel
714 3088 742 3148 in
765 3089 848 3150 istius
871 3091 951 3151 veriti
974 3089 1160 3170 explicatione
1181 3100 1360 3168 potestatem.

254 3174 319 3234 Nec
348 3174 409 3233 iore
437 3182 520 3252 puto,
578 3173 605 3232 ui
634 3168 710 3234 adad
740 3174 886 3253 suppleat,
919 3184 1051 3254 putetque
1073 3171 1143 3245 elici,
1167 3183 1361 3252 nonunquam

256 3255 356 3318 sordes
375 3256 411 3317 ad
431 3268 536 3316 terram
577 3257 724 3316 cierentur
744 3277 816 3337 quae
838 3273 931 3318 mersa
954 3257 1012 3316 sint
1035 3255 1115 3316 marl.
1160 3253 1231 3315 llltld
1259 3268 1363 3316 caren-

255 3341 319 3400 dum
347 3350 427 3412 erat,
463 3360 499 3400 ne
525 3360 605 3400 sacra
636 3339 741 3400 frustra
771 3342 844 3400 lacta
869 3351 985 3412 essent,
1017 3340 1041 3398 si
1062 3359 1172 3400 rursum
1192 3359 1209 3397 a
1229 3340 1361 3400 lluctilrus

255 3425 440 3486 eiicerentnr.
484 3423 582 3497 Quare
603 3420 724 3504 θύματα
745 3425 859 3504 scripsi.

341 3537 433 3593 1291.
456 3529 554 3589 Libri:
578 3535 676 3606 καλῶς
695 3528 734 3593 ἄν
754 3531 801 3611 εἴη
819 3527 962 3612 Μενέλεῴ
979 3551 1012 3610 γε
1034 3524 1112 3609 πρὸς
1133 3524 1231 3608 χάριν.
1270 3529 1362 3590 Recte

256 3612 429 3674 Schaeierus
443 3613 556 3674 Reiskii
571 3613 795 3675 emendationem
810 3614 919 3692 recepit
937 3609 1080 3694 Μενέλεῴ
1095 3629 1136 3685 τε,
1152 3613 1308 3692 neglectam
1325 3613 1361 3672 ab

255 3698 302 3769 iis,
327 3698 373 3776 qui
388 3707 487 3777 postea
498 3697 663 3778 Euripidem
675 3697 834 3758 ediderunt.
866 3693 1008 3775 Μενέλεῴ
1024 3719 1057 3778 γε
1072 3697 1097 3756 si
1111 3694 1231 3768 diceret,
1249 3695 1362 3758 videre·

254 3792 301 3842 tur
321 3781 459 3841 Helenam
481 3781 650 3842 excludere:
688 3800 780 3851 nunc,
804 3782 828 3838 si
850 3780 950 3857 copula
971 3781 1076 3854 utitor,
1106 3781 1250 3858 aptissime
1272 3781 1362 3859 signi·

255 3865 320 3924 licat
348 3883 430 3943 quum
451 3865 565 3927 omnino
593 3875 673 3925 recte
694 3866 791 3927 lacere
812 3861 1065 3944 Theodymennm,
1096 3874 1153 3924 tun
1174 3863 1309 3927 Menelao
1332 3862 1361 3923 id

253 3958 363 4027 gratum
385 3948 458 4008 iore.

338 4063 430 4122 1292.
475 4056 622 4135 Suspicari
653 4054 717 4132 quis
746 4052 852 4131 possit,
887 4064 952 4112 ante
979 4052 1053 4114 hunc
1075 4070 1190 4126 uersam
1216 4051 1361 4112 excidisse

254 4137 408 4212 distichon,
433 4141 462 4199 in
485 4158 539 4218 qno
553 4136 781 4217 Theoclymenus
796 4135 969 4213 quaesiverit
984 4157 1047 4199 num
1070 4134 1137 4214 quid
1154 4135 1274 4216 amplius
1288 4155 1359 4216 opes

253 4234 349 4295 csset,
374 4223 525 4284 Menelaus
538 4227 637 4280 'autem
661 4216 858 4299 responderit,
881 4218 963 4290 nihil,
986 4219 1041 4278 nisi
1063 4229 1093 4280 ut
1114 4219 1215 4299 aliquis
1237 4237 1274 4280 ex
1294 4239 1360 4298 pro·

252 4305 364 4386 pinquis
386 4309 459 4366 insta
482 4303 612 4365 funebria
633 4311 796 4383 perageret.
846 4299 1032 4363 Verum'non
1053 4311 1099 4361 est
1120 4303 1188 4364 ita.'
1215 4301 1288 4362 Nam
1309 4322 1359 4380 po·

252 4389 350 4450 scendi
378 4389 461 4449 finem
484 4403 517 4447 se
545 4387 651 4447 iecisse
673 4385 849 4445 indicaverat
869 4383 1038 4456 Menelaus,
1070 4405 1152 4465 qaum
1174 4384 1285 4446 diceret
1307 4407 1357 4442 κα-

251 4476 311 4545 λοῖς
330 4471 370 4534 ἂν
391 4472 448 4550 εἴη.
491 4471 589 4548 ltaque
604 4469 837 4548 Theoclymenus
850 4466 937 4528 dicit=
964 4471 1094 4546 poteru's,
1117 4470 1228 4548 αρίααν,
1252 4473 1284 4526 tu
1300 4467 1357 4524 a‘atu

250 4558 311 4616 saite
331 4557 438 4616 Heleno
449 4549 566 4629 fucere.
1181 4585 1185 4592 -
