2944 5128
621 303 696 378 ιω

502 503 802 610 οιιΣιιιΣ.

90 673 111 746 ὃ
136 673 275 771 πατρὸς
297 671 492 774 ἀμύντωρ,
521 676 566 752 ὃν
590 676 640 754 σὺ
664 676 886 776 προῦδωκας
910 683 1056 757 θανεῖν.

471 873 605 944 ΜΕΝ
608 872 688 944 ΕΛ
693 874 829 948 ΑΟΣ.

89 1041 158 1115 οὐκ
181 1042 332 1140 ἤρκεσέν
359 1070 417 1118 σοι
442 1040 485 1121 τὸ
512 1044 634 1144 παρὸν
659 1043 754 1142 αἷμα
778 1046 933 1147 μητέρος
939 1079 952 1137 ,·

497 1241 572 1315 ΟΡ
580 1244 661 1312 ΕΣ
669 1245 801 1314 ΤΗΣ.

81 1409 155 1519 οὐκ
180 1408 230 1488 ἄν
253 1409 410 1509 κάμοιμι
434 1411 502 1495 τὰς
526 1412 643 1496 κακὰς
666 1413 823 1489 κτείνων
850 1416 918 1489 ἀεί.

471 1605 828 1678 ΜΕΝΕΛΑΟΣ.

84 1769 108 1872 ἧ
133 1774 197 1850 καὶ
222 1773 283 1866 σὺ,
311 1774 486 1875 Πυλάδη,
512 1776 622 1852 τοῦδε
647 1785 836 1862 κοινωνεῖς
861 1776 1003 1877 φόνους
1062 1867 1063 1870 ¹

495 1975 799 2048 ΟΡΕΣΤΗΣ.

84 2143 201 2245 φησὶν
226 2153 394 2223 σιωπῶν·
421 2147 564 2248 ἀρκέσω
590 2148 627 2224 ‹l'
657 2147 730 2252 ἐγὼ
759 2147 886 2252 λέγων.

82 2540 170 2580 serum
192 2541 252 2579 vero
273 2530 385 2598 poetam,
406 2522 450 2597 qui
470 2528 501 2578 ut
520 2526 592 2600 pueri
613 2526 641 2580 in
663 2519 760 2580 sclrolis
782 2521 845 2581 nilril
867 2522 979 2598 amplius
1005 2540 1081 2597 quam
1104 2525 1203 2579 variare

82 2609 226 2664 orationem
249 2605 363 2664 studeat.
405 2603 549 2666 Videamus
571 2627 632 2665 num
654 2612 750 2664 rectius
770 2606 922 2664 iudicaverit
942 2602 1107 2667 Sclraelerus.
1136 2605 1202 2663 Eius

80 2691 147 2749 haec
169 2691 299 2748 adnotatio
322 2698 374 2747 est:
397 2683 564 2770 ,,ιιροῖσσεις
590 2697 647 2749 sine
673 2690 750 2749 dubio
779 2674 953 2792 recipiendum
981 2703 1007 2748 et
1027 2698 1088 2789 post
1108 2681 1204 2770 φόνον

79 2775 226 2852 ponendum
248 2781 351 2854 signum
373 2775 558 2854 interrogandi.
607 2775 668 2834 Hoc
693 2776 773 2834 multo
802 2780 886 2877 magis
913 2775 986 2832 decet
1010 2779 1124 2832 animum
1146 2775 1203 2832 Me·

79 2862 150 2920 uelai
182 2872 347 2918 commotum.
396 2861 480 2938 Supra
506 2861 573 2918 dixit
593 2851 721 2938 Ἑλένην
751 2853 918 2939 φονεύσας,
950 2858 993 2917 hic
1020 2862 1134 2917 convicio
1157 2861 1202 2918 ali·

80 2952 176 3022 quanto
199 2948 322 3003 acerbiori
346 2935 361 3004 ὃ
383 2939 610 3026 μητροφόιιης.
653 2947 684 3004 ln
705 2947 800 3004 talibus
820 2948 929 3004 variatio
951 2947 1075 3002 orationis
1091 2949 1143 3000 virn
1159 2943 1202 3001 atl-

81 3049 112 3086 eo
134 3029 258 3104 frangitff‘
300 3029 447 3086 Laudarem
469 3029 541 3099 haec,
562 3034 613 3087 nisi
635 3031 756 3107 deinceps
778 3029 874 3088 diceret
894 3030 1044 3088 Menelaus:
1067 3022 1123 3086 οὐκ
1144 3021 1202 3107 η’ρ-

79 3107 164 3172 neoto
185 3131 233 3170 σοι
254 3105 290 3170 τὸ
313 3106 411 3189 παρὸν
433 3101 511 3186 οἶμα
531 3107 678 3188 μητίροςς
710 3113 778 3169 Nam
808 3113 872 3170 haec
893 3119 1010 3188 quaestio
1032 3123 1083 3169 tam
1107 3117 1201 3189 exiguo

79 3197 229 3255 discrimine
251 3198 282 3252 ab
303 3196 348 3252 illa
370 3195 464 3266 differt,
485 3194 512 3253 id
534 3204 562 3252 ut
583 3214 648 3271 pene
669 3197 768 3253 nullum
791 3201 847 3254 ait:
863 3216 913 3272 quo
931 3195 1010 3253 huius
1028 3194 1130 3270 quidem
1146 3215 1201 3253 ver·

79 3284 188 3339 ausvis
210 3281 295 3357 frangi
317 3279 426 3337 videtur.
470 3278 500 3336 ld
523 3282 603 3349 abest,
625 3287 727 3355 statque
748 3299 796 3338 sna
816 3284 857 3337 vis
879 3289 905 3336 et
920 3283 1004 3337 virtus
1022 3284 1125 3355 utrique
1146 3299 1202 3336 rer·

79 3369 131 3435 sni,
152 3367 176 3421 si
197 3370 267 3440 prior
289 3365 499 3421 exclamationem
522 3367 643 3434 continet,
664 3367 691 3421 in
713 3384 790 3439 quam
811 3374 917 3440 stupens
934 3369 1101 3440 praetimore
1118 3383 1202 3421 erum·

78 3453 117 3528 pit
137 3449 290 3518 Menelaus,
317 3467 368 3506 non
390 3448 524 3525 alloquens
546 3448 675 3506 Orestem.
718 3449 787 3505 Turn
811 3448 929 3518 demum,
950 3469 1027 3524 quum
1049 3448 1093 3505 ille
1114 3457 1200 3507 tamen

79 3534 111 3592 ad
133 3539 209 3591 istam
233 3533 445 3590 exclamationem
467 3532 612 3609 respondit,
645 3540 714 3590 recte
736 3552 765 3590 se
787 3527 819 3590 atl
841 3553 900 3591 eum
923 3535 1061 3604 convertit,
1088 3553 1121 3591 ex
1141 3539 1198 3610 ipso

78 3637 204 3696 quaerens
226 3638 259 3675 an
280 3637 332 3674 non
353 3623 419 3675 satis
440 3619 533 3676 haheat
554 3627 659 3676 matrem
681 3621 852 3677 interemisse.

166 3697 257 3761 1594.
278 3701 353 3760 Libri
380 3696 416 3761 το
444 3695 552 3782 παρὸν.
599 3703 628 3760 ln
658 3701 807 3760 lllarlrlandi
837 3701 933 3759 iudicio
963 3701 998 3758 ad
1023 3699 1107 3800 lphig.
1135 3698 1198 3759 tul.
1217 3753 1221 3762 ,

77 3783 151 3847 456.
174 3790 366 3863 acquiescentes
385 3787 536 3847 Brunclrius
558 3796 584 3844 et
605 3788 738 3843 Porsonus
765 3790 924 3859 scripserunt
944 3778 978 3842 τὸ
1000 3777 1106 3861 πάρος.
1149 3783 1199 3841 Ρο-
1217 3853 1221 3857 ¹

78 3881 145 3930 terat
166 3891 229 3929 sane
250 3876 287 3930 ita
308 3873 380 3947 loqui
400 3871 553 3939 Menelaus,
585 3869 631 3926 sed
652 3869 795 3926 debilitaret
815 3871 866 3924 isto
889 3867 1060 3926 additamento
1081 3866 1109 3926 it
1130 3865 1199 3943 quod

78 3954 155 4014 inodo
178 3956 257 4012 multo
279 3956 373 4013 lortius
400 3974 451 4012 uno
478 3952 603 4010 vocabulo
631 3945 774 4010 uixerat‘
761 3970 1029 4031 ομηιροφοντης,
1059 3949 1199 4008 videretur·

78 4059 128 4117 que
155 4030 200 4097 tle
214 4059 276 4096 nece
303 4038 522 4110 Clytaemnestrae
553 4045 583 4094 ut
614 4036 645 4093 tle
672 4055 700 4094 re
727 4035 822 4094 dudunt
856 4043 987 4093 transacta
1015 4037 1098 4110 loqui.
1130 4033 1199 4111 quod

80 4133 177 4194 contra,
198 4117 279 4182 εἰτὸ
300 4117 401 4200 παρὸν
422 4113 500 4197 αἷμα
520 4114 652 4200 μητέρος
673 4120 742 4192 dicit,
763 4141 815 4178 non
836 4121 920 4178 solum
943 4119 1005 4178 dicit
1023 4117 1092 4196 qnod
1108 4137 1198 4176 verum

13 4269 14 4284 η
81 4218 130 4277 eat,
157 4209 204 4265 sed
226 4216 303 4286 auget
324 4213 401 4266 etiam
421 4211 496 4306 ¹priua
525 4206 603 4264 dicta.
651 4205 721 4262 Nam
738 4213 850 4270 tenetur
877 4204 960 4261 adhuc
986 4202 1123 4261 matricidii
1151 4207 1198 4260 cri·

13 4291 14 4362 ζ
81 4297 151 4352 mine
173 4291 287 4362 Orestes,
308 4294 427 4368 estque
419 4311 445 4350 ιιι
468 4312 508 4360 eo,
531 4297 561 4348 ut
581 4291 696 4368 capitale
711 4291 863 4366 supplicium
886 4296 990 4366 propter
1009 4286 1074 4345 illud
1096 4288 1198 4345 lacinus

13 4443 14 4452 η
81 4378 186 4435 subeat:
219 4396 269 4453 quo
291 4379 374 4455 magis
395 4375 540 4458 mirandum
565 4373 669 4434 videtur
689 4373 827 4445 Menelao,
858 4371 926 4450 quod
947 4373 994 4430 tali
1015 4377 1042 4430 in
1063 4379 1133 4430 statu
1155 4392 1199 4431 no·

76 4481 136 4522 vam
157 4468 260 4538 patrare
279 4459 383 4523 caelent
404 4462 476 4522 velit.

163 4541 256 4604 1596.
276 4546 350 4606 Flor.
373 4543 424 4605 3³.
448 4540 537 4607 τῶδε.
