2974 5138
624 285 669 356 π

87 464 155 552 ὡς,
186 469 220 539 ελ
245 465 334 539 καθ’
358 460 500 539 Ἑλλάδ’
526 463 652 562 ὄνομα
672 463 839 551 ductricis
863 468 979 569 φέρω,

85 585 138 688 μή
164 618 231 688 μοι
253 589 303 696 τὸ
329 585 447 694 σῶμά,
463 588 498 692 7³
523 587 656 670 ἐνθάδ’
680 588 862 690 αλσχόνην
886 593 994 694 όρλη.

401 789 404 798 ‘
508 805 788 896 Tutunus.

88 983 147 1069 τίς
169 985 290 1063 τῶνδ’
317 987 493 1088 ἐρυμνῶν
516 986 705 1087 <impetam
728 991 799 1087 ἔχει
823 989 979 1088 κρότος,·

89 1107 270 1188 Πλούτου
295 1112 370 1216 γὰρ
394 1111 493 1198 οἶκος
514 1113 615 1200 ἄξιος
638 1110 901 1212 rrpneetaclce't,¹
936 1190 941 1202 ,
1016 1135 1035 1148 ”

88 1233 263 1334 βασίλειά
286 1238 317 1313 τ’
345 1234 599 1341 ἀμφιβλήματ’
625 1241 818 1344 εὔθριγκοί
841 1241 880 1313 θ’
907 1235 1023 1339 ἕδραι.
1206 1252 1250 1308 ⁷⁰

90 1364 144 1436 ἔα.
420 1444 425 1454 ,
539 1413 544 1427 ·
614 1444 617 1453 ,

90 1485 252 1576 aldeni,
277 1485 348 1563 τίν’
375 1487 476 1565 εἶδον
501 1491 613 1591 dapum
639 1490 816 1589 ἐχθίστην
841 1490 918 1589 ὁρῶ

88 1611 272 1714 γυναικὸς
297 1611 384 1688 claui
409 1611 563 1713 φόνιον,
589 1613 614 1712 ἥ
636 1595 902 1715 pascuaticum,

89 1734 239 1820 πάντας
261 1737 292 1810 τ’
311 1737 487 1835 Ἀχαιούς.
536 1741 621 1817 θεοί
646 1742 697 1831 σ’,
724 1737 972 1839 όσονμίμηρό
999 1740 1089 1836 ἔχεις
1193 1743 1197 1748 “

85 1863 249 1959 Ἑλένης,
276 1862 538 1944 ἃπαπτόσαιεν.
589 1872 622 1945 el
643 1865 685 1944 dd
709 1866 761 1964 μὴ
779 1867 816 1944 ’ν
838 1865 921 1962 ξένη
1205 1879 1247 1938 75

88 1988 182 2093 μαίᾳ
206 1985 292 2064 πόδ’
314 1990 434 2088 εἶχον,
458 1990 552 2092 τῷδ’
580 1976 629 2068 ἄν
652 1992 818 2094 εὐστόχῳ
843 1997 964 2091 πτερῷ

89 2111 302 2193 ἀπόλαυσιν
327 2120 449 2201 eleonis
472 2119 605 2202 ἔθανες
629 2114 679 2194 ἄν
702 2118 792 2203 Διὸς
816 2113 937 2218 κόρης.
983 2146 988 2156 “

177 2358 217 2419 V.
238 2366 291 2423 69.
333 2356 401 2418 Νοιι
421 2379 587 2442 repugnem,
610 2363 635 2422 si
655 2363 717 2442 quis
735 2364 790 2427 hoc
815 2379 877 2422 curn
895 2357 1028 2436 Puugtto
1048 2358 1089 2415 sic
1109 2357 1198 2416 inter·

93 2452 239 2521 pretetnr,
270 2438 358 2516 οἶιιοςἸ
375 2441 468 2518 ἄξιός.
481 2445 542 2507 ἐστι
562 2445 756 2522 προςειιιόισαι
777 2441 918 2505 Πλούτου
942 2438 1035 2514 εἶναι,
1063 2439 1113 2499 sed
1132 2438 1199 2496 sim·

92 2525 194 2606 plieins
217 2537 311 2586 tamen
339 2524 450 2588 videtur
469 2529 545 2610 οἴιιρ
559 2529 753 2608 'subintelligit
783 2526 857 2610 quud
875 2525 1015 2588 Matthiae
1036 2543 1119 2603 quum
1137 2521 1199 2583 'anl-

92 2609 309 2683 madvertissct‚
331 2611 429 2670 mirum
450 2623 494 2672 est
514 2633 577 2673 euin
594 2613 630 2673 dc
650 2614 776 2673 confusis
793 2610 899 2673 duabus
918 2608 1104 2669 locutionibus
1122 2603 1200 2681 cogi·

92 2703 154 2753 tare
173 2696 312 2774 putuisse.
357 2693 484 2755 Imitatus
502 2707 546 2768 est
560 2695 714 2788 Euripides
729 2694 798 2792 illud
814 2695 934 2755 Homeri
951 2690 1058 2772 Odyss.
1073 2689 1128 2752 IV.
1143 2693 1196 2752 74.

134 2791 236 2872 Ζηνός
257 2817 318 2856 που
339 2792 442 2873 τοιήόε
464 2793 489 2878 η’
508 2793 677 2876 Ὀλυμπίου
700 2797 827 2860 ἔνδοθεν
846 2791 932 2876 dailai.

176 2893 219 2955 V·
237 2900 291 2959 7⁴.
330 2893 411 2956 'Edu
432 2889 604 2958 vett..Vict.
620 2897 692 2960 ’θεολ
712 2895 738 2959 ό
760 2895 835 2959 ὅσον
855 2891 957 2978 μόσηρό
979 2894 1054 2976 ἔχεις
1067 2889 1198 2970 Ἑλένης.

94 2976 195 3053 „ilum
215 2988 244 3039 1.
260 2983 327 3050 2.“‚
348 2979 438 3060 inquit
448 2979 600 3054 Matthiae,
625 2981 731 3064 ,πισός
745 2979 817 3063 (sic)
839 2977 913 3052 ὅσον
929 2975 1030 3062 ρίοηρό
1044 2977 1085 3058 ἕρ.
1094 2975 1201 3080 Ἑλένη

93 3058 119 3122 τ’
135 3058 260 3135 ulmum„
282 3061 333 3121 scd
351 3063 379 3121 iu
399 3073 419 3125 2
436 3073 608 3136 correctum,
631 3076 661 3124 ut
679 3076 723 3126 est
742 3065 770 3123 in
788 3062 935 3143 Musgrav.
957 3061 1003 3124 ed.
1027 3063 1074 3142 qui
1094 3059 1192 3140 ρλμημ

94 3165 111 3205 e
131 3146 272 3225 Stephani
291 3144 383 3206 MSS.
406 3149 517 3227 recepit
535 3158 601 3226 post
619 3147 773 3208 Canterum
793 3159 822 3208 et
841 3146 989 3207 Barncs.“
1032 3145 1099 3204 Nun
1119 3141 1201 3202 intel·

94 3229 165 3307 ligas
184 3250 222 3289 ex
233 3230 295 3304 his,
318 3228 456 3290 habeatne
474 3231 554 3291 Flos.
568 3242 600 3293 2.
617 3233 700 3292 etiarn
715 3226 832 3316 μίμημ’,
853 3251 888 3290 an
908 3251 963 3290 non
982 3217 1095 3288 haheat.
1140 3223 1200 3284 Sed

95 3313 178 3411 etiam
206 3313 230 3372 si
250 3311 397 3412 ”ilum
419 3315 474 3375 nisi
491 3313 658 3376 coniectura
675 3327 720 3376 est
736 3314 874 3396 Stephani
892 3313 987 3387 MSS.¹
1002 3331 1068 3370 suos
1087 3319 1201 3392 praete·

94 3407 207 3468 xentts,
228 3413 378 3456 verissima
395 3408 450 3457 est.
561 3437 563 3443 ·

178 3495 221 3556 V.
239 3503 293 3560 76.
346 3495 445 3557 Libri:
476 3498 545 3582 γαίᾳ
573 3493 642 3560 πότ’
663 3493 760 3577 elpes,
788 3493 858 3576 ‘apid’
879 3495 917 3559 dv
940 3489 1071 3576 ὲόστόχῳ
1093 3492 1200 3574 πέτρῳ.

94 3579 167 3640 Tan.
180 3579 279 3642 Faher
293 3577 372 3656 mdd',
387 3580 540 3642 Elmsleius
551 3591 644 3642 antem
661 3581 696 3644 ad
712 3583 805 3664 lphig.
818 3583 906 3643 Taur.
924 3588 996 3644 646.
1011 3577 1093 3640 Med.
1106 3587 1201 3658 1131.

95 3663 203 3724 Bacch.
218 3673 270 3727 69.
294 3669 394 3746 πτερῷ
416 3667 548 3726 restituit.
592 3666 733 3727 Teucrum
751 3687 819 3727 arcu
840 3667 978 3738 nobilem,
1001 3681 1056 3745 quc
1072 3683 1128 3722 non
1151 3661 1202 3720 du·

94 3747 238 3809 hitandum
261 3749 327 3828 quin
347 3749 378 3808 in
394 3767 480 3811 scena
499 3751 652 3810 instructus
665 3751 874 3829 comparuerit,
887 3751 1016 3828 .sagittas
1036 3746 1135 3808 minam
1149 3743 1201 3802 de-

96 3832 195 3904 cebat,
224 3853 281 3892 uun
299 3830 420 3912 lapidem
438 3833 550 3895 tollere.
600 3832 760 3894 Mirabatur
776 3833 935 3907 Matthiae,
963 3831 1037 3892 unde
1056 3827 1203 3888 didicisset

98 3913 177 3973 istam
189 3915 319 3976 vocabuli
335 3915 568 3995 significationem
583 3915 745 3977 Elmsleius.
780 3917 899 3977 Scilicet
912 3935 948 3976 ex
964 3911 1104 3992 Aeschyli
1117 3909 1200 3987 Sept

101 3994 136 4054 td
155 3997 247 4060 Theb.
266 4007 340 4062 682.
365 3999 412 4060 uhi
433 4020 515 4079 quum
532 4010 561 4060 ct
578 4000 695 4081 πέτρων
716 4012 746 4061 et
768 4005 886 4082 πτερῶν
907 3994 1104 4078 προβλήματα
1124 3992 1203 4072 lega-

99 4090 164 4152 tur,
191 4081 264 4144 alter
283 4082 450 4142 scholiastes
469 4081 636 4164 adscripsit:
667 4079 703 4146 cd
726 4083 758 4146 δὲ
780 4089 898 4162 πτερῶν
918 4075 1113 4157 προβλήματα
1132 4073 1204 4152 τούς

99 4159 217 4238 όϊστοός
232 4159 307 4230 νόει.
349 4164 547 4248 Audacissime
562 4165 591 4226 id
612 4188 628 4228 a
642 4165 751 4246 tragico
765 4166 867 4228 dictum
881 4163 1018 4225 censebat
1029 4159 1160 4222 Naelsius
1173 4163 1201 4222 in

98 4247 232 4310 Choerilo
251 4271 281 4332 p.
303 4257 375 4314 191.
419 4247 478 4326 leur
498 4251 590 4310 minor
607 4249 726 4310 andacia
744 4248 901 4320 uidebitur,
924 4246 1032 4309 imitato
1049 4245 1199 4326 Euripide.

178 4351 220 4412 V.
235 4359 289 4415 77.
334 4349 417 4410 Lihri
436 4345 588 4412 deditae*
607 4345 647 4411 ἵν’
667 4349 782 4424 εἰκοῦς,
804 4347 859 4406 uisi
877 4345 952 4426 qnod
967 4345 1036 4408 Per.
1060 4346 1098 4408 Ε.
1120 4341 1204 4408 aluei·

98 4431 165 4496 isc’.
206 4433 391 4502 Praeclaram
415 4427 960 4506 11111111οωοιᾱιιῑοηιιιλπόλαυσιν
983 4431 1205 4506 εἰκοῦςποιίιο

100 4517 292 4580 collaudarunt
309 4518 364 4578 viri
383 4515 470 4578 docti.
