2994 5128
664 305 721 353 tn

123 468 218 566 tangi
252 463 517 564 commoverique
549 471 701 563 oportet,
740 471 776 540 nt
803 489 885 563 quoa
910 465 1003 538 illios
1029 471 1106 540 sunt
1132 474 1247 542 nostra

125 619 219 687 csse,
260 595 392 692 ipsique
425 590 552 688 affligi,
591 590 621 664 si
655 591 733 689 qnid
769 591 821 664 illi
848 593 926 664 mali
952 593 1105 686 aecidat,
1148 601 1248 690 pute-

124 747 207 797 mus.
259 721 361 796 Nono
387 716 465 815 quid
490 725 543 792 est
568 717 656 813 quon
691 696 854 792 nosxnon
891 719 997 792 dicam
1031 726 1144 811 tanto,
1188 719 1246 792 sod

128 849 183 922 rel
217 848 329 944 aliquo
363 863 476 918 amore
513 842 649 918 Orestis
685 852 720 918 et
755 843 914 918 Electrae
946 839 1111 943 impleat?
1168 846 1249 921 Nou

124 974 312 1048 mehercule
337 971 457 1046 caedas
489 971 625 1044 matrina
662 995 737 1044 num
773 971 857 1044 laec
891 971 1026 1068 impium
1063 980 1115 1045 est
1149 981 1249 1069 atqua

125 1097 375 1172 abominandum
401 1097 550 1189 facinus,
587 1097 674 1193 qnod
699 1098 766 1196 ipsi
791 1122 858 1171 non
883 1122 1059 1195 possumus
1086 1099 1164 1195 quin
1191 1123 1250 1172 cu·

124 1225 205 1323 pitis
230 1248 368 1322 poenam
395 1225 556 1298 meruisse
582 1223 809 1298 conliteamur.
862 1224 951 1317 Quid
977 1250 1059 1322 ergo
1085 1227 1248 1323 reliquum

125 1345 205 1426 est?
254 1349 338 1425 Sine
365 1351 464 1426 nonio
490 1351 598 1448 pietas
625 1375 707 1448 erga
731 1360 872 1448 putrem,
907 1375 992 1447 quae
1018 1375 1076 1427 eos
1102 1354 1248 1450 impulit,

1 1531 2 1548 2
123 1486 162 1552 ut
185 1478 256 1554 eins
281 1477 559 1570 interfectricem,
594 1477 741 1574 quamuis
767 1485 1008 1570 maturasset,
1043 1479 1248 1552 occiderant.

123 1603 220 1681 llaec
234 1604 355 1701 piatas,
380 1605 436 1678 lric
452 1629 544 1677 arnor
555 1605 672 1703 rostris,
689 1604 962 1700 coniunctumque
978 1628 1052 1677 cnm
1066 1629 1107 1678 co
1125 1606 1247 1679 iustum

123 1730 238 1804 matris
281 1738 316 1803 et
354 1729 523 1806 adulterae
563 1741 597 1806 et
641 1730 751 1814 mariti
791 1729 1027 1804 interleotriois
1068 1731 1179 1803 odium
1217 1732 1248 1802 si

15 1905 18 1914 ψ
123 1855 220 1931 rolris
245 1857 279 1930 in
304 1857 469 1956 principio
495 1857 626 1932 tabulae
652 1865 728 1932 ante
756 1857 871 1930 oculos
897 1857 1006 1954 positu
1042 1864 1176 1949 essent,
1210 1865 1248 1929 ut

122 1983 240 2058 iisdem
267 1984 392 2081 aliosi
418 1985 568 2059 sensilms
595 1984 707 2057 allecti
730 1983 810 2056 illos
837 2008 903 2055 non
928 1983 1025 2056 modo
1058 1991 1095 2055 ut
1129 1984 1248 2056 inson-

123 2119 187 2203 tes,
214 2111 273 2186 secl
299 2111 399 2186 etiam
424 2120 462 2184 nt
487 2110 593 2184 iustos
614 2110 747 2214 nefandi
766 2110 905 2184 sceleris
922 2111 1048 2182 ultores
1063 2101 1152 2182 omni
1168 2110 1244 2184 ani·

122 2263 249 2313 morum
274 2238 492 2314 consensione
517 2239 809 2336 amplecteremur,
842 2245 912 2310 tum
948 2235 1076 2311 ‹lemum
1103 2243 1137 2310 et
1173 2260 1247 2309 com

122 2363 166 2438 iis
191 2371 225 2436 et
250 2388 312 2459 pro
337 2363 382 2438 iis
406 2372 644 2456 metueremus,
678 2388 937 2461 cuperemusqoe
963 2364 1063 2436 anxio
1096 2371 1133 2437 nt
1165 2388 1250 2462 snp-

97 2489 258 2587 'plinium
295 2489 383 2585 quod
416 2490 459 2562 iis
493 2489 642 2562 imminet
676 2491 874 2585 effugerent.
935 2489 983 2562 At
1018 2491 1135 2563 lrorom
1162 2489 1247 2562 uilril

123 2614 245 2690 factoro
281 2622 353 2707 est,
391 2614 449 2688 secl
488 2613 644 2689 Orestem
681 2625 906 2712 aegrotantem
947 2625 981 2689 et
1014 2617 1246 2709 insanientem,

123 2739 293 2814 Electram
320 2750 428 2818 antem
454 2741 598 2818 sollicite
624 2743 659 2815 in
685 2742 830 2816 curando
862 2743 976 2816 fratris
1001 2744 1115 2817 morbo
1143 2769 1247 2820 occu-

122 2876 231 2966 patam
258 2868 538 2966 videmnus-quae
565 2870 767 2944 miserabilia
795 2869 926 2967 quidem
953 2878 1048 2963 sunt,
1075 2871 1134 2944 secl
1162 2870 1246 2944 nilil

110 2997 289 3093 'pertinent
314 2996 356 3068 ad
381 2996 553 3070 imminens
580 2998 621 3070 ab
646 2997 770 3070 iudicio
796 2998 992 3095 periculum.
1044 2996 1099 3071 Ita
1126 3007 1246 3093 metus,

123 3148 187 3219 cluo
215 3122 445 3219 corripiamur,
472 3124 582 3194 nullus
609 3131 674 3215 est,
700 3123 759 3196 sed
787 3125 858 3196 eins
883 3125 960 3198 loco
986 3124 1060 3196 sola
1085 3125 1248 3221 relinqui·
1392 3147 1395 3152 ·

122 3257 177 3322 tur
202 3249 423 3348 exornectatio,
449 3273 526 3322 uum
552 3256 690 3346 patruos
716 3250 914 3341 Menelaus,
954 3250 989 3320 in
1027 3274 1092 3344 qno
1128 3251 1246 3323 salotis

123 3400 214 3472 soem
240 3378 380 3472 positam
407 3402 482 3452 esse
509 3377 679 3470 audimus,
718 3401 781 3474 pro
817 3377 884 3450 reis
921 3377 966 3449 sit
990 3376 1246 3450 intercessurus.

122 3501 234 3596 Atque
260 3502 401 3576 lababat
425 3505 484 3578 ille
512 3504 642 3601 quidem
668 3512 705 3577 ut
730 3504 764 3578 id
791 3503 917 3578 laceret
949 3528 1101 3602 magnum
1126 3504 1249 3578 incitu-

122 3635 280 3718 mentum,
307 3627 392 3723 quod
419 3638 556 3725 propter
581 3631 694 3704 fratris
720 3632 773 3704 sui
799 3633 932 3706 eaeclem
950 3633 1055 3704 iratos
1078 3629 1247 3728 essoCly-

122 3761 355 3847 tuamnestrae,
381 3755 532 3849 iusteque
558 3777 628 3826 earn
653 3757 861 3830 interleetam
876 3758 974 3830 lateri
1000 3758 1160 3829 debebat:
1189 3782 1247 3828 ve-

3 3985 4 3994 *
122 3905 194 3954 rum
220 3881 280 3954 illa
305 3882 379 3978 ipsu
404 3880 517 3954 fratris
541 3880 752 3954 interfectrix
780 3907 845 3954 non
873 3883 980 3954 solum
1006 3883 1108 3978 irurrie
1135 3882 1247 3954 occisa

124 4015 196 4078 erat
222 4030 241 4078 a
266 4007 358 4100 mio,
393 4007 453 4080 secl
479 4014 551 4080 enat
576 4007 677 4078 etiam
702 4031 799 4079 soror
823 4007 995 4099 Helenae,
1032 4016 1069 4081 nt
1095 4031 1136 4079 nc
1162 4008 1249 4104 luno

124 4132 255 4230 qnidam
282 4133 414 4206 eaedem
440 4134 574 4231 impune
600 4140 763 4230 patratam
788 4159 863 4208 esse
889 4135 941 4206 uir
966 4134 1104 4207 uxorius
1125 4157 1246 4230 copore

123 4259 271 4336 deleret.
323 4258 442 4356 Itaque
468 4267 535 4334 non
560 4268 693 4359 poterat
718 4285 783 4334 uon
811 4260 907 4334 ualle
933 4261 1032 4334 dulia
1060 4284 1138 4358 spes
1157 4283 1264 4353 esse,
1405 4288 1408 4294 ·

123 4410 207 4483 quae
234 4395 414 4485 poneretur
437 4387 472 4462 in
498 4389 629 4464 lromine
665 4389 759 4486 roario
784 4390 819 4464 in
846 4398 1017 4486 ausuque
1049 4387 1245 4462 sententiam

122 4524 315 4611 argumenta
349 4515 501 4590 trahente.
568 4516 621 4590 Ao
653 4517 783 4592 ridetur
823 4518 882 4590 ille
915 4516 1051 4620 quidem
1078 4539 1116 4589 se
1147 4516 1244 4588 initio
