2994 5128
374 1336 971 1428 ῩΠΟΘΕΣΙΣ.

566 1625 781 1638 --—.....-.-...

111 1779 316 1913 Ὀρέστης
328 1813 395 1890 τὸν
413 1810 534 1913 φόνον
549 1823 617 1892 τοῦ
633 1815 772 1913 πατρὸς
782 1817 1124 1918 μεταπορευόμενος
1136 1819 1236 1895 ἀνεῖ-

111 1949 173 2016 λεν
208 1943 398 2043 Αἴγισθον
439 1939 503 2016 καὶ
541 1939 897 2050 Κλυταιμνήστραν·
941 1953 1236 2042 μητροκτονῆσαι

111 2066 153 2142 δέ
178 2065 382 2165 τολμήσας,
408 2077 635 2167 παραχρῆμα
659 2069 729 2166 τὴν
753 2069 863 2167 δίκην
887 2070 1044 2160 ἔδωκεν,
1071 2071 1237 2169 ἐμμανής

110 2191 319 2295 γενόμενος.
375 2193 577 2295 Τυνδάρεω
609 2195 651 2271 δέ
683 2204 752 2272 τοῦ
784 2196 923 2292 πατρὸς
953 2205 1018 2294 τῆς
1053 2197 1237 2296 ἀνῃρημέ-

110 2349 177 2417 νης
200 2319 522 2424 κατηγορήσαντος
545 2322 621 2398 κατ’
652 2323 785 2415 αὐτοῦ,
811 2324 962 2419 ἔμελλον
978 2323 1135 2424 Ἀρχεῖοι
1159 2353 1237 2398 κοι·

110 2445 182 2543 νὴν
216 2456 347 2546 ψῆφον
381 2449 606 2547 ἐκφέρεσθαι
638 2449 720 2546 περὶ
751 2457 819 2524 τοῦ
852 2448 890 2557 τί
923 2448 982 2524 δεῖ
1004 2453 1145 2526 παθεῖν
1168 2448 1236 2525 τὸν

112 2569 367 2670 ἀσεβήσαντα·
394 2574 489 2650 κατά
515 2572 632 2672 τύχην
658 2573 699 2651 δέ
725 2575 919 2658 Μενέλαος
944 2578 984 2650 ἐκ
1009 2584 1074 2672 τῆς
1097 2573 1237 2672 πλάνης

111 2697 366 2800 ὑποστρέψας,
403 2701 537 2786 νυκτὸς
567 2699 639 2798 μὲν
669 2701 815 2800 Ἑλένην
847 2700 1081 2785 εῖςαπέστειλε
1091 2757 1104 2790 ,
1142 2701 1232 2796 μεθ’

101 2823 254 2924 Ιἡμέραν
279 2826 320 2902 δέ
346 2827 459 2912 αὐτὸς
481 2825 586 2926 ἦλθε.
612 2828 676 2904 καὶ
700 2823 1029 2928 παρακαλούμενος
1053 2826 1111 2902 ὑπ’
1134 2826 1238 2925 Ὀρέ-

113 2978 203 3030 στου
228 2955 420 3052 βοηθῆσαι
444 2956 549 3054 αύτῷ
558 3012 570 3045 ,
611 2956 852 3058 ἀντιλέγοντα
881 2951 1108 3053 Τυνδάρειον
1142 2960 1238 3051 μᾶλ-
1279 3023 1282 3032 .

113 3087 179 3154 λον
203 3077 420 3178 ηὐλαβήθη·
456 3081 667 3175 λεχθέντων
700 3081 741 3156 δέ
774 3078 897 3182 λόχων
930 3084 971 3158 έν
1002 3085 1080 3163 τοῖς
1105 3082 1237 3176 ὄχλοις,
1295 3065 1304 3078 ⁸

39 3221 44 3226 '
113 3205 298 3300 ε’πηνέχθη
330 3205 373 3280 τὸ
409 3211 553 3301 πλῆθος
584 3205 814 3282 ἀποκτείνειν
839 3206 1028 3304 Ὀρέστην.
1047 3207 1067 3246 *³
1111 3202 1239 3282 συνὼν

114 3329 155 3405 δέ
180 3329 324 3415 τούτοις
350 3330 369 3406 ὃ
397 3329 576 3428 Πυλάδης
608 3329 628 3405 ὃ
654 3329 761 3430 φίλος
794 3331 929 3419 αὐτοῦ,
971 3327 1239 3428 συνεβούλευσε

114 3465 265 3554 πρῶτον
289 3455 488 3534 Μενελάου
512 3457 698 3558 τιμωρίαν
724 3459 868 3558 λαβεῖν,
899 3457 1045 3555 Ἑλένην
1071 3456 1239 3534 ἀποκτεί-

114 3612 264 3667 ναντας.
305 3583 413 3660 αὐτοὶ
444 3584 515 3681 μέν
544 3581 614 3660 οὖν
640 3583 699 3659 ἐπὶ
723 3563 877 3668 τούτοις
892 3581 1066 3667 ἐλθόντες
1091 3580 1239 3682 διεφεύ-

115 3713 267 3806 σθησαν
291 3718 356 3808 τῆς
381 3711 544 3801 ἐλπίδος,
577 3715 683 3786 θεαῖν
707 3709 776 3807 τὴν
796 3709 943 3806 Ἑλένην
968 3704 1237 3807 ἁρπασάντων·

108 3837 287 3936 Ἠλέκτρα
320 3837 361 3913 δέ
383 3836 579 3938 Ἑρμιόνην
603 3842 849 3936 ἐπιφανεῖσαν
875 3834 1013 3911 ἔδωκεν
1040 3839 1093 3916 εἰς
1113 3839 1240 3930 χεῖρας

115 3963 257 4047 αὐτοῖς·
292 3967 328 4037 οἳ
352 3964 393 4040 δέ
418 3962 560 4060 ταύτην
586 3959 758 4061 φονεύειν
783 3962 950 4056 ἔμελλον·
984 3959 1173 4057 ἐπιφανεὶς
1197 3945 1253 4034 δέ

117 4089 326 4176 Μενέλαος,
360 4088 423 4163 καὶ
447 4090 597 4186 βλέπων
623 4085 758 4164 ἑαυτὸν
790 4086 870 4181 ἅμα
895 4084 1071 4188 γυναικὸς
1094 4083 1159 4160 καὶ
1182 4085 1240 4159 τέ-

115 4243 208 4291 κνου
234 4211 482 4314 στερούμενον
511 4213 570 4289 ὑπ’
600 4215 740 4302 αὐτῶν,
767 4209 964 4311 ἐπεβάλετο
996 4210 1046 4286 τδι
1068 4210 1240 4312 βασίλεια

115 4346 292 4442 πορθεῖν·
327 4341 363 4416 οἳ
391 4340 432 4417 δὲ
460 4338 679 4441 φθάσαντες
709 4336 879 4438 ύφάφειν
909 4336 1121 4435 ἠπείλησαν.
1163 4341 1239 4412 ἔπι.-

116 4468 247 4570 φανεὶς
271 4467 314 4544 δέ
331 4453 522 4544 Ἀπόλλων
542 4468 688 4565 Ἑλένην
712 4465 783 4564 μέν
808 4468 945 4566 ἔφησεν
961 4469 1012 4547 εἰς
1026 4464 1142 4574 θεοὺς
1155 4459 1239 4538 δια

116 4596 291 4696 κομίζειν,
310 4595 466 4698 Ὀρέστῃ
491 4593 532 4670 δὲ
545 4591 742 4696 Ἑρμιόνην
766 4594 911 4677 ἐπέταξε
937 4591 1079 4688 λαβεῖν,
1107 4588 1239 4664 Πυλά-

991 4717 1036 4782 l·
