3022 5140
656 329 733 384 xvh

129 501 228 581 Ama
253 497 419 572 adiectum
445 499 491 571 sit
511 496 706 572 declarandi
734 522 863 576 causan.
914 503 1084 582 Similiter
1110 513 1243 590 inverso

129 616 248 690 ordina
275 613 399 713 φίλος,
426 610 457 687 ὥ
484 611 673 700 Μενέλαε,
701 615 743 689 dc
768 641 833 714 quo
859 617 932 692 dixi
957 622 1001 695 ad
1024 624 1241 706 Homericum

128 731 284 831 hymnum
310 733 481 830 Apollinis
505 757 538 806 v.
566 729 629 806 14.
675 731 774 823 Quod
799 735 829 808 si
854 737 949 832 talia,
976 743 1074 838 quale
1100 746 1242 822 honest

127 851 163 924 in
189 848 374 950 Sophoclis
398 848 539 924 Electra
564 874 597 923 v.
618 846 730 924 1354.

228 1011 260 1092 ui
286 1014 469 1116 φίλτατον
493 1021 593 1115 φῶς,
620 1012 652 1091 ὦ
676 1007 792 1110 μόνος
816 1017 939 1120 σωτὴρ
965 1019 1097 1119 ἀίμιον

222 1131 518 1235 Ἀγαμέμνονος,
543 1137 623 1216 πῶς
645 1127 759 1226 ἦλθες
766 1161 780 1220 ,·

125 1303 190 1376 hoc
214 1302 427 1400 significant,
456 1328 479 1378 ο
504 1313 552 1378 λιι
578 1303 648 1403 qui
664 1327 705 1378 cs
729 1302 836 1393 talah,
862 1301 976 1376 eodem
1001 1306 1098 1382 ruodo
1123 1311 1238 1410 eupli·

124 1420 197 1492 cari
218 1421 343 1519 poterit
368 1413 400 1492 ὦ
416 1412 572 1514 τλάμων
588 1412 717 1514 πάτερ,
742 1420 829 1517 quod
846 1428 898 1494 ost
913 1421 949 1493 io
967 1423 1075 1498 Aiace
1102 1451 1133 1501 v.
1148 1425 1238 1504 641.

122 1535 211 1610 N'am
244 1538 308 1613 etsi
338 1536 387 1608 ihi
420 1536 520 1609 etiam
549 1541 712 1630 τλᾶμον,
747 1537 833 1633 quod
858 1537 894 1608 in
921 1539 1114 1635 quihusdam
1139 1544 1237 1620 libris

123 1660 194 1746 cst,
226 1655 329 1728 scribi
356 1660 487 1751 potest,
513 1661 623 1726 tamon
646 1653 883 1728 nominativum
906 1662 1018 1729 tuetur
1042 1658 1237 1733 Androma-

123 1771 207 1844 chaa
240 1795 355 1844 versus
383 1767 471 1845 345.
504 1771 538 1844 iu
566 1793 632 1867 quo
664 1793 725 1866 per
750 1779 889 1844 metrum
912 1797 977 1845 oon
1002 1775 1111 1870 potuit
1135 1777 1236 1850 alitor

123 1912 221 1984 quarn
246 1882 278 1960 εὖ
303 1882 455 1984 τλήμων
480 1885 571 1984 ἀνερ
596 1888 685 1981 dici,
710 1888 776 1960 uisi
803 1889 876 1985 quis
902 1884 934 1962 εὖ
959 1888 1111 1982 τλήμων
1138 1888 1234 1989 ἀνὴρ

122 2004 260 2078 scribat.
324 2003 397 2078 Sed
442 2003 639 2078 crediderim
682 2012 792 2080 tannen
829 2007 1016 2080 huiusmodi
1057 2006 1234 2102 alienam,

123 2145 208 2219 quau
237 2122 274 2194 in
300 2146 356 2196 ιον
390 2121 628 2214 terminantur,
664 2124 776 2220 potius
807 2121 972 2220 duplicem
998 2126 1140 2198 vocativi
1164 2126 1236 2199 for·

123 2264 207 2312 marn
241 2239 384 2331 hahere,
420 2239 527 2314 donec
558 2239 722 2334 exemplis
757 2238 1002 2312 demonstretur
1032 2241 1132 2312 etiam
1165 2237 1233 2315 ἀύ-

123 2380 255 2449 στηνος
281 2365 338 2428 uut
362 2351 546 2452 ἀύςμορος
571 2352 687 2450 πάτερ
714 2355 767 2428 vel
791 2354 881 2425 aliud
903 2354 980 2452 quid
1007 2355 1234 2432 huiuscemodi

122 2499 195 2548 csso
229 2473 366 2546 dictum.
422 2471 500 2546 Nou
534 2470 667 2544 credam
692 2469 952 2567 Aristophanem
986 2469 1022 2541 in
1046 2471 1176 2546 Avihus
1203 2501 1237 2548 v.

123 2591 234 2666 1467.
258 2591 435 2688 scripsisse

223 2755 293 2832 οὐκ
319 2751 572 2853 ἀπολιβάξεις,
599 2751 630 2828 ὦ
657 2749 807 2829 κάκιστ’
835 2749 1096 2850 ἀπολούμενος,

121 2953 218 3026 quum
254 2927 411 3000 usitatum
442 2925 486 2999 sit
519 2919 551 2998 ὦ
577 2918 726 3002 κάκιστ’
753 2918 1001 3019 ἀπολούμενε,
1037 2920 1124 3022 quod
1156 2921 1233 2998 odd.

119 3043 249 3118 Suidaa
274 3044 309 3116 iu
336 3036 571 3136 ἀπολιβάξεις
594 3042 731 3134 hahont,
755 3040 813 3114 scd
841 3039 936 3114 codd.
954 3042 999 3114 A.
1020 3040 1065 3112 B.
1087 3065 1233 3114 consar-

119 3163 208 3236 tiunt
231 3187 305 3235 oum
330 3160 426 3233 lihris
441 3156 679 3253 Aristophanis
704 3157 739 3228 iu
765 3158 982 3249 nominativo,
1009 3181 1107 3253 quoru
1131 3166 1232 3231 tuan-

119 3288 175 3354 tur
199 3281 298 3354 atium
320 3277 447 3352 Suidaa
470 3276 549 3348 lihri
575 3298 688 3348 omncs
709 3272 743 3344 in
764 3270 833 3345 οὐκ
850 3266 1093 3368 ἀπολιβάξεις.
1146 3276 1232 3349 Ari-

119 3397 333 3497 stophanem,
357 3394 388 3468 si
413 3390 648 3466 nominativum
674 3389 806 3488 posuit,
833 3389 1008 3490 scripsisse
1031 3398 1128 3487 puto:

222 3551 292 3626 ούκ
317 3543 573 3646 ἀπολιβάξεις,·
598 3543 621 3640 ἦ
647 3541 796 3620 κάκιστ’
824 3541 1079 3642 ἀπολούμενος
1188 3605 1189 3610 1

221 3665 360 3768 πικράν
382 3662 472 3762 τάχ’
500 3665 585 3764 ὄψει
610 3662 1081 3767 στρεψοδικοπανουργίαν.

22 3841 26 3850 ·
119 3819 272 3917 Apparet
307 3844 352 3893 cx
383 3817 459 3911 his,
499 3815 535 3888 in
572 3813 826 3922 Andromachae
862 3837 981 3905 verso,
1020 3814 1052 3885 si
1083 3807 1229 3906 Θηβαία

121 3931 202 4008 πόλι
223 3937 360 4033 legitor,
386 3942 501 4033 aperte
523 3931 662 4005 Thehas
684 3931 862 4029 appellari,
884 3953 968 4026 quac
992 3937 1099 4000 autern
1129 3949 1231 4023 prac-

120 4051 240 4126 ccduut
264 4054 384 4146 verha,
418 4047 612 4125 declarandi
637 4071 755 4120 caussa
779 4072 854 4120 esse
880 4045 1028 4133 adiecta3
1062 4043 1115 4115 sin
1140 4041 1230 4135 legi-

119 4176 174 4242 tur
205 4167 353 4264 Θηβαία
386 4163 508 4254 πόλις,
544 4163 731 4260 ambiguum
764 4187 857 4254 ossa,
894 4168 1001 4233 utrum
1026 4151 1230 4236 Ἀσιάτιάος

116 4291 185 4387 γῆς
217 4291 344 4382 σχῆμα
375 4289 422 4360 sit
457 4281 648 4373 vocativus,
676 4303 719 4352 au
746 4287 781 4354 at
804 4279 870 4354 hoc
895 4285 929 4351 at
956 4270 1101 4372 Θηβαία
1127 4267 1230 4354 πόλις

119 4403 315 4477 nominativi
340 4404 430 4499 sint,
455 4402 642 4476 iudicantes
668 4396 746 4498 quid
772 4397 962 4496 alloquatur
983 4390 1231 4551 Andromacha.
