3026 5134
787 315 873 366 XXIV

273 498 353 568 duas
379 498 515 592 insuper
539 495 638 566 babet
663 519 728 568 non
754 494 958 567 necessarias
986 502 1121 585 nnnortes,
1149 494 1189 566 de
1205 494 1392 567 horninibus

272 630 394 714 antem,
422 623 477 719 qui
504 631 639 717 agentes
665 621 847 694 introducti
873 628 961 709 eunt,
989 619 1189 694 duonbonos
1212 629 1247 692 et
1266 621 1392 713 instes,

271 749 454 844 Polynicen
489 756 523 819 et
547 746 728 837 Iocastam,
756 770 854 818 unum
879 770 983 842 aeque
1008 745 1165 850 stolidum
1192 769 1232 818 ac
1258 748 1392 838 malum,

271 873 468 965 Eteoclen,
502 875 543 946 de
576 897 641 946 non
675 873 873 945 necessariis
906 881 1014 946 autem
1056 870 1233 945 Creontem
1269 873 1393 946 virtute

271 1002 363 1075 nulla
388 1001 564 1096 insignem,
592 999 657 1072 uisi
682 998 768 1096 quod
795 999 990 1096 prudentior
1015 997 1156 1070 Eteocle
1183 1006 1253 1090 est,
1281 1009 1394 1072 cetera

270 1129 510 1200 inconstantem
545 1134 579 1198 et
611 1126 818 1217 mutabilem,
859 1124 1028 1197 Tiresiam
1061 1149 1202 1222 corpore
1236 1125 1391 1218 debilem,

272 1253 418 1326 moribus
444 1275 590 1348 gravem,
616 1252 837 1324 Menoeceum
862 1275 1057 1349 generosum
1082 1252 1226 1347 quidem,
1242 1251 1302 1324 sed
1320 1253 1391 1348 qui,

273 1379 362 1476 quod
393 1377 464 1451 eins
496 1387 609 1474 piantes
645 1378 856 1451 brevissimae
890 1384 987 1468 sunt,
1022 1401 1088 1449 non
1113 1378 1221 1473 possit
1245 1379 1390 1450 retinere

272 1507 399 1578 animos
417 1514 653 1603 spectatorum,
674 1505 853 1600 eademque
874 1503 1063 1577 conditione
1082 1504 1298 1600 Antigonam,
1324 1505 1392 1576 ini-

271 1632 321 1705 tio
347 1631 477 1704 fabulae
510 1631 669 1719 timidam,
701 1640 819 1728 prostes
844 1631 1030 1727 importune
1058 1629 1293 1722 verecundam,
1327 1615 1410 1726 poe'

110 1811 113 1820 s
149 1825 152 1829 .
271 1766 394 1854 stremo
422 1758 639 1832 andaeam'et
666 1758 805 1848 sortem,
834 1755 1001 1855 Oedipum
1025 1757 1120 1831 senio
1148 1765 1182 1829 et
1207 1756 1389 1830 infortunio

270 1864 504 1976 miserabilem,
531 1885 667 1958 eborum
692 1883 832 1981 denique
858 1908 933 1956 raro
959 1891 1050 1956 recte
1071 1882 1261 1978 fungentem
1276 1883 1388 1957 officio

271 2036 346 2102 sno,
381 2010 557 2107 aliquando
584 2012 683 2084 etiam
708 2011 922 2107 frigidissime
949 1987 1078 2105 aliquid¹
1098 2010 1388 2104 interloquentem,

271 2139 374 2210 multa
407 2146 515 2210 antem
546 2137 636 2210 inani
671 2137 845 2210 verborum
877 2144 1005 2208 turmore
1042 2136 1150 2208 aliena
1181 2142 1387 2209 cantantem:

272 2287 355 2361 quae
388 2273 496 2337 tamen
530 2265 628 2360 culpa
661 2265 817 2338 minuitur
849 2289 909 2356 eo,
937 2263 1024 2360 quod
1049 2263 1110 2334 illo
1136 2270 1297 2358 tempore,
1324 2287 1388 2358 quo

269 2372 476 2464 Phoenissae
510 2391 654 2487 scriptae
680 2399 769 2483 sunt,
804 2390 893 2464 modi
925 2389 1043 2462 musici
1074 2389 1258 2485 potiorem,
1293 2413 1390 2485 quam

267 2495 384 2616 poesis
417 2519 526 2592 locum
553 2518 699 2592 tenuisse
719 2519 766 2590 ‘i'n
801 2519 895 2590 ebori
921 2516 1060 2589 canticis
1086 2515 1252 2587 uidentur.
1303 2513 1389 2587 Nam

270 2646 327 2717 nbi
353 2670 418 2718 non
444 2653 510 2717 tam
536 2653 662 2717 mentes
687 2645 730 2716 ad
756 2668 796 2716 ea
822 2667 905 2740 qnae
931 2650 1140 2734 canerentur,
1168 2666 1265 2738 quum
1292 2665 1388 2713 aures

269 2771 314 2844 ad
349 2770 605 2844 modulationem
637 2770 822 2842 canentium
855 2769 983 2840 adverti
1015 2777 1135 2864 poetae
1160 2769 1296 2858 scirent,
1323 2793 1389 2840 non

269 2897 454 2970 mrandum
487 2902 540 2966 est
572 2894 603 2966 si
635 2894 717 2967 satis
753 2894 915 2968 ducebant
949 2895 1099 2968 versibus
1133 2897 1202 2968 snis
1234 2919 1388 2968 numeros

268 3024 414 3118 praeire,
441 3021 558 3120 quibus
584 3044 702 3095 suaves
728 3022 836 3119 aptari
860 3022 950 3095 modi
975 3029 1124 3119 possent.

370 3150 551 3246 Postquam
587 3148 629 3222 de
661 3148 773 3222 labala
805 3151 959 3248 exposui,
986 3148 1159 3222 dicendum
1186 3155 1237 3220 est
1262 3147 1304 3220 de
1330 3173 1390 3220 co-

269 3276 410 3351 dicibus.
461 3275 590 3348 Eorum
623 3275 764 3349 indicem
784 3276 958 3350 dederunt
990 3273 1255 3367 Valckenarius,
1288 3274 1389 3347 Mus-

270 3403 424 3499 gravim,
457 3402 643 3494 Porsonus,
676 3402 855 3476 Matthiae.
916 3403 964 3476 Ut
1004 3402 1161 3499 optimum
1197 3401 1389 3474 laudaverat

269 3529 419 3625 Kingius
452 3553 538 3619 eum,
572 3530 628 3625 qui
654 3529 767 3602 littera
799 3530 849 3601 Κ.
883 3536 1017 3626 notatus
1048 3553 1086 3600 re
1122 3551 1198 3601 vera
1224 3528 1388 3625 pessimus

270 3663 334 3729 est.
361 3653 519 3728 Continet
544 3656 629 3727 enim
656 3656 881 3728 recensionem
896 3653 1061 3727 Demetrii
1077 3653 1249 3746 Triclinii,
1269 3678 1387 3750 eoque,

270 3807 369 3879 quum
394 3782 430 3854 in
455 3783 569 3856 matris
593 3782 758 3855 videretur
783 3780 935 3854 exactior
961 3805 1048 3874 esse,
1066 3782 1246 3854 immeritas
1271 3779 1387 3852 landes

270 3909 359 3981 tulit.
411 3907 477 3982 Est
503 3917 625 4001 tamen,
656 3909 712 3980 nbi
738 3931 833 3980 veras
859 3908 1041 4004 scripturas
1068 3909 1138 3980 sive
1163 3933 1207 3981 ex
1235 3908 1320 3980 bono
1346 3907 1387 3977 li·
1498 3959 1499 3970 ,

270 4037 331 4109 bro
363 4036 432 4110 sive
459 4059 503 4108 ex
534 4035 622 4106 iusta
648 4033 874 4106 emendatione
907 4034 1066 4108 Triclinii
1090 4036 1260 4132 praebeat.
1311 4031 1388 4128 Non

270 4163 390 4236 melior
422 4169 474 4235 est
507 4147 734 4234 Baroccianus
767 4163 805 4234 4.
856 4159 899 4234 In
924 4161 1045 4234 ceteris
1072 4133 1387 4264 magnaliuctnatio

270 4288 358 4362 inter
382 4290 486 4361 lronas
512 4295 546 4359 et
570 4287 673 4358 melas
699 4288 901 4385 scripturase
928 4271 987 4362 sed
1013 4288 1129 4385 optimi
1155 4294 1233 4364 sunt
1257 4294 1291 4359 et
1311 4286 1388 4383 ple·

269 4439 407 4510 ruomue
441 4413 651 4488 consentiunt
683 4414 764 4488 Par.
797 4415 842 4488 A.
875 4415 1064 4490 Florentini
1095 4416 1141 4488 Δ.
1169 4417 1206 4490 2.
1235 4416 1295 4489 10.
1323 4413 1392 4486 33·v
