3026 5134
682 305 709 380 9

130 505 283 598 θησαν,
322 499 385 577 καὶ
420 501 471 586 ὥς
505 503 671 579 ἐλθοῦσα
702 503 794 602 πρὸς
828 503 965 590 αὐτοὺς
989 485 1156 602 ’λοκάστη
1188 501 1252 580 καὶ

132 613 363 715 τεθνηκότας
404 619 567 719 εὑροῦσα
599 622 882 720 συναπίσφαξιν
917 620 1065 719 ἑαυτήν,
1097 619 1160 698 καὶ
1181 621 1253 706 ’ὥς

135 736 268 833 Κρέων
308 733 500 836 ἁψάμενος
530 745 596 835 τῆς
634 739 749 838 ἀρχῆς
774 740 965 836 Ἐτεσκλῆν
999 737 1071 837 μίν
1102 736 1253 828 θάπτει,

137 852 373 952 Πολυνείκην
403 853 445 930 δὲ
472 857 620 956 ἄταφον
652 863 749 932 εἴασε
755 914 769 948 ,
800 857 863 934 καί
892 856 1076 936 Οἰδίπουν
1099 867 1163 954 τῆς
1188 855 1256 932 πό-

137 981 227 1055 λεως
261 969 428 1068 ἐξήλασε,
470 971 593 1050 πάντα
625 985 746 1052 ταῦτα
778 976 982 1074 Εὐριπίδης
1016 975 1127 1052 ἔνδον
1158 974 1254 1052 κατὰ

136 1089 269 1168 λεπτὸν
294 1089 483 1193 διηγεῖται.
515 1094 590 1167 ἔστι
616 1092 658 1170 δό
682 1093 726 1170 τὸ
752 1093 875 1194 παρὸν
899 1093 1028 1194 δρᾶμα
1052 1103 1131 1170 τῶν
1155 1093 1254 1195 άγαν

135 1209 342 1306 ἐξαιρέτων,
370 1208 552 1294 διανοίαις
576 1210 639 1286 καὶ
670 1209 840 1315 γνώμαις
864 1219 1014 1296 πολλαῖς
1038 1211 1101 1288 καὶ
1126 1216 1255 1294 καλαῖς

134 1326 200 1402 καὶ
238 1327 418 1412 ποικίλαις
457 1329 609 1404 ἀνθοῦν
642 1329 706 1404 καὶ
737 1329 980 1426 μεταχειρίσει
1013 1329 1158 1428 ἀρίστῃ,
1191 1325 1255 1404 καὶ

136 1442 201 1519 διὰ
234 1443 388 1521 πάντων
429 1444 611 1543 ἀκμάζον,
648 1451 679 1520 ελ
704 1447 768 1522 καὶ
794 1445 988 1523 ἀπίθανον
1013 1449 1085 1542 ἔχει
1110 1446 1180 1544 τὴν
1205 1450 1256 1530 είς

139 1559 265 1661 θήβας
292 1563 542 1648 Πολυνείκους
563 1562 713 1648 είςοδον.
740 1557 1000 1666 ἐπιγέγραπται
1021 1562 1063 1638 δὲ
1089 1553 1255 1639 ἀπὸτοῦ

131 1689 252 1781 χοροῦ
284 1681 490 1780 Εὐριπίδου
524 1680 724 1757 Φοίνισσαι
757 1679 839 1778 παρ’
870 1680 1153 1778 ἀντιδιαστολὴν
1177 1689 1256 1758 τῶν

136 1797 229 1874 ἑπτὰ
267 1798 326 1874 ἐπὶ
364 1797 489 1898 Θήβας
517 1796 719 1897 Αἰσχύλου.
752 1796 869 1897 ταύτῃ
902 1798 976 1902 γάρ
1009 1808 1054 1896 τῇ
1079 1798 1257 1874 ὑποθέσει

134 1917 303 2001 κάκεῖνος
334 1925 469 2015 χρῆται
502 1920 543 1993 ἐν
573 1926 628 2017 τῷ
662 1917 834 2018 δευτέρῳ.
862 1917 978 2002 αὐτάς
1001 1916 1044 1993 δὲ
1070 1915 1137 2001 τὰς
1153 1945 1258 2020 παρ-

134 2034 274 2117 θένους
299 2037 345 2109 ἐκ
365 2034 544 2133 Φοινίκης
562 2036 798 2139 Ἀγηνορίδαι
822 2036 969 2112 θυσίαν
992 2043 1046 2134 τῷ
1055 2031 1258 2110 Ἀπόλλωνι

110 2155 321 2253 Ιἀπεμιμαν,
355 2153 489 2238 αἵτινες
520 2153 584 2230 καὶ
615 2154 707 2254 πρὸς
732 2155 900 2256 Δελφοὺς
925 2151 1120 2252 ἐρχόμεναι
1145 2153 1259 2250 παρί-

135 2274 258 2373 βαλον
282 2277 364 2356 ταῖς
393 2268 531 2371 Θήβαις
556 2271 620 2347 διά
645 2270 688 2346 τὸ
715 2272 779 2348 καὶ
804 2273 871 2349 τὸν
898 2271 1068 2370 Κάδμον,
1096 2270 1146 2354 ὥς
1169 2271 1260 2369 ἔφη·

70 2437 74 2443 ·
135 2418 220 2487 μεν,
238 2392 297 2464 ’ἀκ
330 2389 507 2488 Φοινίκης
540 2389 644 2466 εἶναι.
671 2389 734 2467 καὶ
758 2386 1036 2494 καταλαβόντος
1061 2397 1129 2464 τοῦ
1154 2387 1260 2462 πολέ-

135 2537 212 2607 μου
236 2505 534 2612 ἠναγκάσθησαν
558 2507 685 2604 μένειν
719 2505 869 2601 αὐτόθι,
883 2510 1025 2610 μέχρις
1060 2501 1259 2604 ἀνὴμόχη

136 2624 302 2728 λωφήσῃ.
