3026 5134
828 285 850 330 x
981 295 991 300 -

25 443 26 472 ³
157 463 159 468 ’
275 461 482 562 corrrenient,
510 468 578 536 tum
603 462 692 536 inter
717 477 791 538 sese
817 461 905 537 iusta
929 477 1004 534 onnon
1030 462 1189 539 uarietate
1214 472 1293 560 apte
1307 489 1390 542 eoa·

275 588 424 662 condent.
475 587 734 666 Phoenissaruar
766 588 854 686 quod
890 596 1117 684 argumentum
1149 615 1229 678 esse,
1259 590 1389 682 debeat,

274 715 314 788 ab
341 713 504 812 Euripide
535 713 714 788 iudiouturo
743 722 795 790 ast
820 715 855 787 in
879 715 1021 812 prologo
1048 739 1089 790 oo
1115 716 1212 809 loeo,
1238 741 1305 812 quo
1330 715 1392 790 Io-
1487 687 1488 710 Χ

273 848 366 916 easta
392 838 557 937 Oedipum
583 839 663 912 liliis
688 841 903 938 irnpreeatunr
930 863 1005 916 esne
1039 840 1132 933 dieit,
1159 849 1197 916 nt
1222 842 1312 918 lerro
1338 844 1393 916 io·

244 974 325 1042 rter·
350 991 386 1039 se
420 967 461 1038 de
495 990 599 1064 reguo
625 973 819 1042 eernereutr
853 966 948 1040 ouius
972 967 1023 1042 rei
1049 967 1247 1042 avertendae
1272 991 1392 1046 nausea

205 1131 209 1140 ·
273 1119 310 1170 se
335 1093 472 1170 indutiis
505 1093 602 1168 saetis
628 1115 745 1191 paoem
768 1093 856 1169 inter
889 1117 948 1170 ees
976 1094 1154 1170 ooneiliore
1180 1094 1305 1170 velle„
1333 1093 1391 1170 Ex

272 1220 337 1296 loon
363 1220 595 1316 consequitur,
622 1227 659 1292 ut
685 1227 872 1294 arcessatur
897 1217 1089 1315 Polynices,
1117 1227 1154 1294 ut
1179 1221 1394 1316 colloquatur

273 1372 347 1424 ouon
372 1346 487 1437 fratre,
514 1353 552 1418 ut
576 1353 681 1421 mater
706 1345 796 1420 filios
823 1345 1010 1438 adnneneat,
1035 1354 1072 1420 ut
1098 1346 1150 1420 illi
1167 1347 1273 1443 magis
1287 1348 1389 1421 etiaor

274 1473 464 1571 exasprerati
496 1470 686 1565 discedant,
718 1480 755 1546 at
786 1473 822 1546 in
858 1457 1103 1569 oppugnatione
1139 1479 1174 1548 et
1199 1473 1392 1549 defensione

272 1603 364 1677 urlnin
384 1600 498 1674 'aronis
530 1599 703 1698 congressi
735 1607 847 1674 rnntna
880 1599 981 1672 oaede
1014 1599 1153 1692 eadunt,
1179 1606 1217 1671 ut
1243 1600 1391 1696 opoauvis

222 1767 227 1778 ·
272 1730 307 1804 in
334 1727 496 1802 oornrnnni
529 1727 571 1800 ol
598 1726 718 1800 vietum
752 1726 879 1802 hostem
905 1725 1141 1822 liberalemque
1158 1727 1278 1800 ‘urbem
1305 1751 1392 1823 gau-

273 1856 327 1928 dio
352 1855 471 1930 eivitas
499 1860 533 1926 et
558 1853 736 1950 propinqui
761 1852 872 1927 debito
897 1852 990 1924 loetn
1016 1860 1259 1950 prosequantur
1282 1853 1390 1930 liuere

272 1979 488 2078 Oedipodeae
514 1980 619 2075 prolis
646 1979 799 2057 exitium.
1304 1978 1309 1988 “

372 2102 405 2174 A
430 2106 578 2196 perieolo
604 2107 638 2180 io
672 2119 737 2203 quo
765 2106 841 2179 urbs
870 2111 1056 2180 versaretur
1082 2105 1275 2182 ordiendum
1298 2130 1389 2202 esse,

272 2251 338 2324 quo
371 2230 483 2306 statiua
508 2257 618 2308 rerum
643 2232 844 2330 agendarum
868 2230 955 2304 ratio
981 2231 1174 2327 patefieret,
1207 2229 1391 2328 Euripides

272 2379 401 2453 quoqne
438 2361 665 2436 intellexerat.
731 2357 849 2454 Itaque
890 2357 1092 2454 Antigonam
1122 2359 1170 2432 ‘ad
1203 2359 1392 2455 esernploor

270 2481 470 2560 Homerioae
494 2485 645 2562 Helenae
672 2511 716 2560 ex
742 2493 831 2562 teoto
858 2484 971 2585 regiae
998 2485 1113 2582 eopias
1138 2484 1282 2558 hostiurn
1309 2509 1392 2558 eon-

270 2613 482 2708 ternplantern
508 2619 606 2710 atque
633 2638 654 2686 a
678 2613 887 2710 paedagogo,
918 2610 973 2706 qni
999 2611 1197 2686 indutiarum
1224 2611 1392 2686 uenditio-

270 2763 330 2814 nes
353 2739 404 2818 ‚ad
438 2740 567 2813 hostem
600 2739 783 2832 detulerat,
818 2718 968 2833 singulos
989 2735 1103 2808 onnes
1134 2744 1391 2834 eognoseenteur

270 2867 362 2940 ierit·
415 2865 511 2938 Haeo
542 2890 642 2940 seona
676 2891 735 2963 per
761 2889 797 2936 se
826 2863 949 2959 optima
974 2869 1046 2934 osto
1074 2867 1266 2964 quarequaur
1292 2865 1390 2938 unios

271 2991 404 3066 timidae
438 2992 570 3088 puellae
595 3002 702 3070 metus
730 3018 793 3068 nou
820 2989 957 3086 praebet
983 3011 1055 3061 earu
1080 2989 1256 3088 inunginero
1282 2989 1392 3086 trepi-

270 3118 379 3195 dantis
405 3119 577 3192 universae
603 3120 761 3210 civitatis,
789 3138 885 3214 quam
911 3114 997 3210 apud
1012 3113 1213 3211 Aeselryluru
1229 3116 1263 3190 iu
1286 3115 1390 3191 olroro

272 3247 435 3342 ruginurn
469 3271 541 3322 euru
577 3249 720 3320 oloruore
753 3253 788 3316 et
814 3242 939 3316 eiulatu
973 3265 1017 3314 ex
1049 3249 1119 3315 tota
1152 3243 1233 3318 urbe
1265 3241 1308 3318 ael
1333 3265 1391 3316 ar·-

272 3384 343 3446 eeu'r
376 3375 642 3448 oouoursaotiurn
677 3371 834 3446 sidereus.
887 3366 1014 3440 Verum
1041 3369 1105 3441 etsi
1130 3369 1163 3443 io
1191 3370 1269 3464 ipsa.
1290 3393 1391 3442 scena

269 3501 330 3574 illa
355 3525 420 3579 nou
447 3510 499 3574 est
525 3500 613 3598 quod
638 3499 917 3596 reprehendatur,
951 3501 1059 3568 tamen
1085 3497 1162 3587 noc,
1190 3495 1277 3592 qnod
1301 3493 1391 3570 laeta

272 3635 324 3704 est
349 3628 389 3700 ao
416 3627 593 3724 Euripide,
620 3628 745 3702 merito
764 3630 832 3704 iarn
856 3629 983 3725 antiqui
1007 3623 1135 3698 iodioes
1160 3623 1391 3717 vituperarent

271 3756 323 3830 lois
357 3755 486 3830 relisa
518 3751 542 3849 ἡ
576 3750 650 3830 ἀπὸ
685 3762 763 3834 τῶν
794 3753 946 3851 τειχέων
971 3746 1164 3852 Ἀντιγόνη
1189 3750 1390 3842 θεωροῦσα

270 3880 382 3979 μέρος
414 3879 482 3956 οὐκ
514 3880 592 3956 ἔστι
615 3889 684 3956 τοῦ
709 3878 913 3978 δράματος.
964 3877 1108 3952 Uberius
1140 3875 1176 3946 io
1207 3873 1390 3970 explicavit
1487 3891 1488 3916 ³

271 4008 402 4104 Morus,
418 4035 454 4106 p.
481 4012 519 4088 8.
545 4033 618 4104 aeq.
644 4017 800 4103 reeteque
825 4007 938 4100 dixit,
970 4006 1103 4102 dempto
1129 4003 1194 4081 loeo
1219 4007 1290 4076 toto
1315 4022 1391 4072 ser-

272 4161 369 4210 nrone
401 4137 527 4213 selvam
560 4159 634 4210 esse
668 4135 887 4230 tragoediam,
924 4133 1010 4231 quor
1043 4154 1150 4245 neque
1176 4148 1294 4202 emsa
1318 4123 1389 4198 nlla

271 4264 306 4336 in
321 4262 517 4359 rebusipois
530 4260 589 4352 sit,
613 4285 672 4336 onr
684 4261 856 4360 Antigona
870 4269 1055 4362 spectatum
1074 4256 1268 4344 audeaut,
1282 4271 1388 4347 neque

272 4391 360 4464 ullus
385 4415 431 4462 ex
456 4388 516 4462 illa
541 4389 747 4484 speetutioue
773 4389 1087 4490 eventua'proleat.
1115 4382 1184 4458 Est
1205 4379 1308 4478 igitur
1325 4377 1389 4451 noe
