3022 5140
772 297 834 350 Vlll

253 473 289 544 iu
314 469 464 544 Miscell.
491 465 561 540 111.
590 465 651 539 16.
679 487 713 561 p.
740 461 826 534 168.
861 485 916 536 ex·
937 460 1051 534 eodem
1084 461 1161 534 loco
1186 458 1366 557 collegisse

253 589 319 662 sibi
344 589 433 660 uisus
458 594 510 659 est
544 592 652 656 actam
677 603 751 654 esse
776 577 838 652 01.
862 573 942 650 XC.
965 577 1002 650 2.
1034 577 1193 650 archonte
1225 576 1367 651 Arcbia.

255 701 385 778 liardio
411 681 491 776 uero
523 700 558 772 in
584 704 807 774 commentatt.
833 693 942 769 Acad.
974 693 1148 792 luseriptt.
1172 694 1240 766 rol.
1265 692 1367 767 Vnt.

256 849 291 920 p.
309 819 395 894 268.
420 820 542 893 166166
569 815 743 892 ostendere
768 809 1030 909 studuit'paullo
1056 819 1133 885 6616
1156 810 1255 883 tinem
1275 809 1369 884 rico·

257 938 333 1010 rimi
364 937 442 1010 6661
472 937 553 1010 belli
581 930 842 1031 Peloponnesii,
882 928 969 1027 quud
1005 938 1057 1002 est
1090 927 1151 1002 Ol.
1181 926 1300 1000 XCII.
1335 931 1369 1004 1.

256 1055 371 1130 Petito
393 1075 549 1127 assensus
574 1059 625 1124 est
649 1047 844 1120 Boeolrbius
869 1047 903 1118 iu
931 1048 1017 1120 libro
1045 1071 1140 1145 quem
1167 1045 1208 1119 de
1233 1046 1370 1143 tragicis

261 1170 405 1246 Graecis
430 1169 567 1265 scripsit
594 1193 629 1264 p.
653 1164 740 1238 189.
781 1163 910 1237 Hardiu
931 1164 1074 1262 quidem,
1102 1189 1199 1262 quum
1225 1187 1259 1260 p.
1282 1163 1370 1235 272.

260 1288 404 1386 quaein
437 1287 539 1359 tertio
564 1283 659 1356 ebori
690 1281 822 1354 cantico
853 1279 894 1354 de
927 1281 1052 1380 duplici
1085 1283 1119 1354 iu
1148 1282 1283 1354 ciuitate
1305 1281 1372 1352 im·

259 1404 354 1504 perio
386 1403 560 1493 dicontur,
597 1399 638 1471 ad
675 1398 853 1494 collegium
883 1398 1197 1496 quadringentorum
1228 1399 1371 1490 rettulit,

261 1545 329 1593 uun
354 1520 484 1592 uidetur
517 1517 682 1614 cogitasse
715 1539 755 1588 66
781 1516 885 1588 66116
920 1517 1039 1590 melius
1062 1517 1098 1589 iu
1123 1516 1311 1590 Alcibiadis
1338 1523 1373 1588 et

258 1636 381 1712 Niciae
405 1635 659 1709 aemulationem
691 1633 881 1708 conuenire.
931 1632 1008 1708 Nou
1034 1635 1196 1732 primum,
1229 1633 1288 1707 sed
1314 1657 1373 1706 se·

262 1753 402 1828 cundum
429 1754 518 1826 iuter
541 1777 620 1844 eos,
654 1751 710 1848 qui
735 1749 778 1822 de
805 1751 945 1825 victoria
969 1753 1160 1844 certabant,
1191 1751 1373 1824 iudicatum
1493 1768 1494 1787 ¹

262 1896 336 1944 esse
358 1869 567 1967 Euripidem,
588 1869 753 1968 proditum
763 1877 814 1942 est
828 1869 863 1940 iu
887 1877 1079 1966 argumento
1098 1869 1151 1942 bis
1176 1871 1304 1943 uerbiss
1329 1866 1372 1942 τὸ

263 1985 305 2062 dd
329 1985 458 2084 δρᾶμα
483 1992 563 2059 τῶν
584 1983 780 2082 δευτέρων.
830 1984 877 2058 Et
900 1987 1053 2085 prolecto
1078 1987 1164 2059 rnale
1189 1988 1374 2084 composita
1494 2053 1495 2056 ,

263 2113 316 2178 661
337 2104 461 2177 161616.
510 2101 598 2176 Nam
617 2110 652 2175 et
677 2102 759 2176 duos
781 2105 950 2198 actiones,
976 2103 1245 2202 quemadmodum
1273 2106 1373 2178 etiam

264 2221 351 2293 aliae
375 2218 550 2318 Euripidis
580 2220 794 2316 tragoediae,
823 2223 992 2314 continet,
1025 2230 1059 2295 et
1092 2231 1209 2295 neutra
1241 2222 1374 2295 illarum

263 2339 431 2411 actionum
453 2339 502 2410 ita
525 2336 576 2409 uti
601 2337 743 2410 debebat
773 2347 915 2412 tractata
940 2347 1002 2414 est.
1052 2337 1156 2412 Prior
1180 2339 1214 2410 iu
1236 2338 1374 2412 Andro-

264 2455 413 2546 macbae,
441 2455 608 2553 posterior
632 2453 668 2526 in
690 2454 788 2529 Pelei
815 2455 947 2529 iurtuua
974 2465 1141 2529 uersatur:
1175 2455 1209 2526 iu
1236 2462 1375 2554 utraque
1487 2469 1490 2488 '

265 2573 352 2670 quod
377 2573 726 2646 1661116166661666
751 2572 792 2645 61
809 2574 930 2646 iustum
956 2573 1053 2646 linem
1079 2571 1292 2672 perducitur,
1317 2573 1374 2647 sed
1498 2579 1499 2584 ’

265 2691 471 2788 abrumpitur
486 2691 648 2764 violenter
664 2689 700 2762 iu
720 2690 827 2761 altera
842 2713 935 2780 casn,
959 2689 995 2761 iu
1019 2690 1123 2761 altera
1141 2689 1204 2762 166
1225 2691 1261 2763 16
1279 2693 1375 2764 auxi-

264 2809 346 2881 lium
370 2807 529 2884 adbibita.
580 2806 653 2881 Sed
675 2806 717 2879 du
743 2805 795 2876 bis
816 2805 927 2876 statim
953 2804 1101 2898 dicetur,
1134 2809 1375 2906 postquamde

265 2925 420 3016 consilio,
435 2950 499 3023 quo
517 2927 603 2999 bane
619 2921 824 3018 tragoediam
839 2921 1014 3017 scripserit
1031 2921 1225 3024 Euripides,
1245 2929 1376 3024 quaesi-

264 3065 356 3115 6666.
407 3041 497 3117 Suut
521 3043 609 3115 euim
641 3041 697 3138 qui
722 3046 840 3136 putant
865 3062 932 3110 nou
958 3039 1058 3112 aliter
1084 3039 1235 3138 Graecos
1260 3055 1376 3141 poetas

265 3159 306 3231 ad
341 3160 531 3258 tragoedias
563 3155 757 3231 scribendas
790 3156 995 3247 accessisse,
1030 3183 1126 3257 quam
1164 3169 1200 3234 ut
1231 3163 1375 3262 aliquam

265 3301 469 3351 communem
495 3275 719 3364 senteutiam,
747 3297 832 3371 quae
859 3273 910 3346 uel
937 3273 1070 3348 61666
1095 3279 1262 3374 publicam
1285 3292 1376 3374 recte

263 3394 460 3491 gerendam,
489 3395 542 3466 vel
566 3393 607 3464 61
635 3392 735 3464 vitam
758 3390 927 3488 sapienter
950 3392 1070 3490 pieque
1096 3394 1276 3492 degendum
1295 3425 1376 3497 spe·

264 3519 384 3603 etaret,
410 3511 514 3582 multa
535 3510 755 3607 diuturnaque
775 3508 1015 3584 deliberatione
1038 3514 1236 3610 pensitatam
1262 3516 1374 3614 aliquo

263 3653 307 3701 ex
340 3627 443 3700 ueteri
471 3627 1120 3723 116166161661666666666661166166
1149 3632 1375 3708 illustrareote

261 3743 298 3814 iu
340 3767 446 3840 eoque
487 3758 657 3840 puetarum
695 3744 838 3817 consilio
881 3743 1069 3841 indagando
1110 3752 1376 3850 explicandoqua

261 3858 393 3934 laudern
426 3861 568 3956 positam
598 3862 792 3936 existimant
821 3863 1025 3960 interpretis.
1086 3864 1152 3957 Qui
1186 3870 1298 3942 neseio
1332 3895 1376 3942 66

261 3975 349 4048 baud
370 4000 448 4049 6666
474 3989 646 4077 quaerant,
670 3979 756 4078 quod
774 4005 872 4079 quum
894 3984 1081 4081 repperisse
1102 3986 1167 4057 sibi
1190 3987 1375 4081 uideantur,

262 4103 429 4193 repertum
458 4104 584 4170 ueteres
606 4097 659 4170 illi
684 4106 803 4196 poetae
830 4098 1040 4176 veliementer
1068 4111 1179 4174 essent
1210 4106 1374 4181 miraturi.

261 4211 303 4284 lu
328 4212 565 4286 Andromacha
587 4213 718 4313 quidem
743 4214 867 4290 1666166
890 4216 1075 4290 1661666611
1101 4219 1179 4317 quid
1196 4247 1375 4320 quaerere·

261 4339 326 4405 tur.
376 4328 455 4404 Nou
482 4331 586 4406 iniis
615 4333 714 4407 rebus
740 4358 874 4433 operam
901 4336 1068 4434 ponebant
1094 4339 1220 4442 antiqui
1242 4348 1374 4441 poetae,
