<?xml version="1.0" encoding="UTF-8"?>
<!DOCTYPE html PUBLIC "-//W3C//DTD XHTML 1.0 Transitional//EN"
    "http://www.w3.org/TR/xhtml1/DTD/xhtml1-transitional.dtd">
<html xmlns="http://www.w3.org/1999/xhtml" xml:lang="en" lang="en">
 <head>
  <title>
</title>
<meta http-equiv="Content-Type" content="text/html;charset=utf-8" />
  <meta name='ocr-system' content='tesseract 3.04.00' />
  <meta name='ocr-capabilities' content='ocr_page ocr_carea ocr_par ocr_line ocrx_word'/>
</head>
<body>
  <div class='ocr_page' id='page_1' title='image "./euripidistragoe09eurigoog/euripidistragoe09eurigoog_0221.png"; bbox 0 0 3022 5140; ppageno 0'>
   <div class='ocr_carea' id='block_1_1' title="bbox 799 303 859 355">
    <p class='ocr_par' dir='ltr' id='par_1_1' title="bbox 799 303 859 355">
     <span class='ocr_line' id='line_1_1' title="bbox 799 303 859 355; baseline -0.017 0"><span class='ocrx_word' id='word_1_1' title='bbox 799 303 859 355; x_wconf 81' lang='lat' dir='ltr'><strong>XVI</strong></span> 
     </span>
    </p>
   </div>
   <div class='ocr_carea' id='block_1_2' title="bbox 274 463 1384 1066">
    <p class='ocr_par' dir='ltr' id='par_1_2' title="bbox 274 463 1384 1066">
     <span class='ocr_line' id='line_1_2' title="bbox 276 463 1384 571; baseline -0.001 -24"><span class='ocrx_word' id='word_1_2' title='bbox 276 469 388 548; x_wconf 78' lang='grc' dir='ltr'><strong><em>πάντ’</em></strong></span> <span class='ocrx_word' id='word_1_3' title='bbox 414 472 561 571; x_wconf 80' lang='grc' dir='ltr'><strong><em>ἐφορᾷς.</em></strong></span> <span class='ocrx_word' id='word_1_4' title='bbox 611 463 699 545; x_wconf 89' lang='lat' dir='ltr'><strong>Nom</strong></span> <span class='ocrx_word' id='word_1_5' title='bbox 715 469 802 544; x_wconf 82' lang='lat' dir='ltr'><strong>uude</strong></span> <span class='ocrx_word' id='word_1_6' title='bbox 825 471 890 545; x_wconf 89' lang='lat' dir='ltr'><strong>hoo</strong></span> <span class='ocrx_word' id='word_1_7' title='bbox 913 472 1073 570; x_wconf 75' lang='lat' dir='ltr'><strong>sumpsit,</strong></span> <span class='ocrx_word' id='word_1_8' title='bbox 1095 472 1195 547; x_wconf 80' lang='lat' dir='ltr'><strong>Iliad.</strong></span> <span class='ocrx_word' id='word_1_9' title='bbox 1212 469 1281 545; x_wconf 92' lang='lat'><strong>111.</strong></span> <span class='ocrx_word' id='word_1_10' title='bbox 1296 472 1384 546; x_wconf 79' lang='lat'><strong>277.</strong></span> 
     </span>
     <span class='ocr_line' id='line_1_3' title="bbox 275 591 531 691; baseline -0.023 -24"><span class='ocrx_word' id='word_1_11' title='bbox 275 591 434 691; x_wconf 77' lang='lat' dir='ltr'><strong>scriptum</strong></span> <span class='ocrx_word' id='word_1_12' title='bbox 461 597 531 664; x_wconf 74' lang='lat' dir='ltr'><strong>esta</strong></span> 
     </span>
     <span class='ocr_line' id='line_1_4' title="bbox 274 711 1350 832; baseline -0.002 -28"><span class='ocrx_word' id='word_1_13' title='bbox 274 739 277 746; x_wconf 87' lang='lat'>&#39;</span> <span class='ocrx_word' id='word_1_14' title='bbox 377 711 453 806; x_wconf 73' lang='grc' dir='ltr'><strong>Ζεῦ</strong></span> <span class='ocrx_word' id='word_1_15' title='bbox 478 725 614 827; x_wconf 87' lang='grc' dir='ltr'><strong><em>ποίτερ,</em></strong></span> <span class='ocrx_word' id='word_1_16' title='bbox 631 726 781 824; x_wconf 68' lang='grc' dir='ltr'><strong>Ἴδηθεν</strong></span> <span class='ocrx_word' id='word_1_17' title='bbox 804 727 969 826; x_wconf 76' lang='grc' dir='ltr'><strong>μεδέων,</strong></span> <span class='ocrx_word' id='word_1_18' title='bbox 994 724 1164 817; x_wconf 70' lang='grc' dir='ltr'><strong><em>κύδιστε,</em></strong></span> <span class='ocrx_word' id='word_1_19' title='bbox 1189 736 1350 832; x_wconf 77' lang='grc' dir='ltr'><em>μέγιστε,</em></span> 
     </span>
     <span class='ocr_line' id='line_1_5' title="bbox 374 841 1383 945; baseline -0.001 -24"><span class='ocrx_word' id='word_1_20' title='bbox 374 841 512 929; x_wconf 76' lang='grc' dir='ltr'><strong><em>Ἠέλιός</em></strong></span> <span class='ocrx_word' id='word_1_21' title='bbox 533 844 594 933; x_wconf 79' lang='grc' dir='ltr'><strong>θ’,</strong></span> <span class='ocrx_word' id='word_1_22' title='bbox 618 843 659 928; x_wconf 78' lang='grc' dir='ltr'><strong>ὃς</strong></span> <span class='ocrx_word' id='word_1_23' title='bbox 678 842 792 921; x_wconf 64' lang='grc' dir='ltr'><strong><em>παίοντ’</em></strong></span> <span class='ocrx_word' id='word_1_24' title='bbox 809 847 947 945; x_wconf 80' lang='grc' dir='ltr'><strong><em>ἐφορᾷς</em></strong></span> <span class='ocrx_word' id='word_1_25' title='bbox 965 845 1029 922; x_wconf 86' lang='grc' dir='ltr'><strong>καὶ</strong></span> <span class='ocrx_word' id='word_1_26' title='bbox 1048 842 1163 922; x_wconf 76' lang='grc' dir='ltr'><strong><em>πάντ’</em></strong></span> <span class='ocrx_word' id='word_1_27' title='bbox 1183 843 1383 933; x_wconf 76' lang='grc' dir='ltr'><strong><em>ἐπακούεις,</em></strong></span> 
     </span>
     <span class='ocr_line' id='line_1_6' title="bbox 333 960 840 1066; baseline 0.002 -29"><span class='ocrx_word' id='word_1_28' title='bbox 333 983 337 994; x_wconf 81' lang='grc'><strong>“</strong></span> <span class='ocrx_word' id='word_1_29' title='bbox 377 961 442 1037; x_wconf 85' lang='grc' dir='ltr'><strong>καὶ</strong></span> <span class='ocrx_word' id='word_1_30' title='bbox 467 960 628 1059; x_wconf 83' lang='grc' dir='ltr'><strong><em>ποταμοὶ</em></strong></span> <span class='ocrx_word' id='word_1_31' title='bbox 649 961 714 1037; x_wconf 85' lang='grc' dir='ltr'><strong>καὶ</strong></span> <span class='ocrx_word' id='word_1_32' title='bbox 738 970 840 1066; x_wconf 88' lang='grc' dir='ltr'><strong>γαῖα.</strong></span> 
     </span>
    </p>
   </div>
   <div class='ocr_carea' id='block_1_3' title="bbox 262 1121 1383 1458">
    <p class='ocr_par' dir='ltr' id='par_1_3' title="bbox 262 1121 1383 1458">
     <span class='ocr_line' id='line_1_7' title="bbox 262 1121 1382 1222; baseline -0.005 -20"><span class='ocrx_word' id='word_1_33' title='bbox 262 1126 318 1202; x_wconf 87' lang='lat' dir='ltr'><strong>·si</strong></span> <span class='ocrx_word' id='word_1_34' title='bbox 351 1124 469 1200; x_wconf 84' lang='lat' dir='ltr'><strong>Solem</strong></span> <span class='ocrx_word' id='word_1_35' title='bbox 500 1124 640 1222; x_wconf 83' lang='lat' dir='ltr'><strong>primum</strong></span> <span class='ocrx_word' id='word_1_36' title='bbox 672 1123 880 1216; x_wconf 74' lang='lat' dir='ltr'><strong>invocasset,</strong></span> <span class='ocrx_word' id='word_1_37' title='bbox 919 1121 1061 1195; x_wconf 79' lang='lat' dir='ltr'>dixisset</span> <span class='ocrx_word' id='word_1_38' title='bbox 1090 1121 1234 1198; x_wconf 79' lang='lat' dir='ltr'><strong>tortasse</strong></span> <span class='ocrx_word' id='word_1_39' title='bbox 1270 1121 1382 1197; x_wconf 80' lang='grc' dir='ltr'><strong><em>Ἠίλιε</em></strong></span> 
     </span>
     <span class='ocr_line' id='line_1_8' title="bbox 275 1237 1383 1338; baseline -0.001 -23"><span class='ocrx_word' id='word_1_40' title='bbox 275 1251 313 1315; x_wconf 86' lang='lat' dir='ltr'><strong>ut</strong></span> <span class='ocrx_word' id='word_1_41' title='bbox 339 1241 463 1338; x_wconf 82' lang='lat' dir='ltr'><strong>Odyus.</strong></span> <span class='ocrx_word' id='word_1_42' title='bbox 487 1239 575 1314; x_wconf 84' lang='lat' dir='ltr'><strong>XII.</strong></span> <span class='ocrx_word' id='word_1_43' title='bbox 598 1241 686 1316; x_wconf 88' lang='grc'>385.</span> <span class='ocrx_word' id='word_1_44' title='bbox 717 1249 751 1315; x_wconf 89' lang='lat' dir='ltr'><strong>et</strong></span> <span class='ocrx_word' id='word_1_45' title='bbox 782 1241 817 1313; x_wconf 86' lang='lat' dir='ltr'><strong>in</strong></span> <span class='ocrx_word' id='word_1_46' title='bbox 843 1240 962 1336; x_wconf 71' lang='lat' dir='ltr'><strong>hymno</strong></span> <span class='ocrx_word' id='word_1_47' title='bbox 991 1237 1124 1314; x_wconf 77' lang='lat' dir='ltr'><strong>Cereris</strong></span> <span class='ocrx_word' id='word_1_48' title='bbox 1141 1238 1204 1315; x_wconf 71' lang='lat'><strong>64.</strong></span> <span class='ocrx_word' id='word_1_49' title='bbox 1254 1240 1383 1333; x_wconf 81' lang='lat' dir='ltr'><strong>Quam·</strong></span> 
     </span>
     <span class='ocr_line' id='line_1_9' title="bbox 276 1355 1383 1458; baseline 0.002 -27"><span class='ocrx_word' id='word_1_50' title='bbox 276 1385 372 1458; x_wconf 86' lang='lat' dir='ltr'><strong>qoam</strong></span> <span class='ocrx_word' id='word_1_51' title='bbox 393 1360 492 1433; x_wconf 86' lang='lat' dir='ltr'><strong>otiam</strong></span> <span class='ocrx_word' id='word_1_52' title='bbox 515 1358 613 1432; x_wconf 91' lang='lat' dir='ltr'><strong>iuitio</strong></span> <span class='ocrx_word' id='word_1_53' title='bbox 636 1359 798 1435; x_wconf 84' lang='lat' dir='ltr'><strong>orationis</strong></span> <span class='ocrx_word' id='word_1_54' title='bbox 821 1358 879 1431; x_wconf 88' lang='lat' dir='ltr'><strong>isti</strong></span> <span class='ocrx_word' id='word_1_55' title='bbox 901 1355 1103 1432; x_wconf 85' lang='lat' dir='ltr'><strong>nominativo</strong></span> <span class='ocrx_word' id='word_1_56' title='bbox 1125 1359 1220 1433; x_wconf 83' lang='lat' dir='ltr'><strong>ioouo</strong></span> <span class='ocrx_word' id='word_1_57' title='bbox 1242 1368 1314 1452; x_wconf 86' lang='lat' dir='ltr'><strong>est,</strong></span> <span class='ocrx_word' id='word_1_58' title='bbox 1347 1368 1383 1433; x_wconf 92' lang='lat' dir='ltr'><strong>ot</strong></span> 
     </span>
    </p>
   </div>
   <div class='ocr_carea' id='block_1_4' title="bbox 274 1465 1385 2494">
    <p class='ocr_par' dir='ltr' id='par_1_4' title="bbox 276 1465 680 1574">
     <span class='ocr_line' id='line_1_10' title="bbox 276 1465 680 1574; baseline -0.012 -22"><span class='ocrx_word' id='word_1_59' title='bbox 276 1476 401 1574; x_wconf 76' lang='lat' dir='ltr'><strong>odyss.</strong></span> <span class='ocrx_word' id='word_1_60' title='bbox 420 1475 527 1548; x_wconf 88' lang='lat' dir='ltr'><strong>XIX.</strong></span> <span class='ocrx_word' id='word_1_61' title='bbox 547 1474 637 1551; x_wconf 77' lang='grc'><strong>406.</strong></span> <span class='ocrx_word' id='word_1_62' title='bbox 676 1465 680 1473; x_wconf 69' lang='grc'><strong>’</strong></span> 
     </span>
    </p>

    <p class='ocr_par' dir='ltr' id='par_1_5' title="bbox 376 1611 1382 1808">
     <span class='ocr_line' id='line_1_11' title="bbox 376 1611 1382 1720; baseline 0.004 -30"><span class='ocrx_word' id='word_1_63' title='bbox 376 1615 549 1720; x_wconf 78' lang='grc' dir='ltr'><strong>γαμβρὸς</strong></span> <span class='ocrx_word' id='word_1_64' title='bbox 569 1616 656 1716; x_wconf 77' lang='grc' dir='ltr'><strong><em>ἐμὸς</em></strong></span> <span class='ocrx_word' id='word_1_65' title='bbox 668 1616 844 1719; x_wconf 80' lang='grc' dir='ltr'><strong><em>θογοίτηρ</em></strong></span> <span class='ocrx_word' id='word_1_66' title='bbox 863 1641 902 1688; x_wconf 84' lang='grc' dir='ltr'><strong>τε</strong></span> <span class='ocrx_word' id='word_1_67' title='bbox 921 1611 1076 1690; x_wconf 80' lang='grc' dir='ltr'><strong><em>τίθεσθ’</em></strong></span> <span class='ocrx_word' id='word_1_68' title='bbox 1094 1614 1205 1714; x_wconf 79' lang='grc' dir='ltr'><strong><em>ὄνομ’</em></strong></span> <span class='ocrx_word' id='word_1_69' title='bbox 1225 1616 1303 1692; x_wconf 81' lang='grc' dir='ltr'><strong><em>ὅττι</em></strong></span> <span class='ocrx_word' id='word_1_70' title='bbox 1318 1643 1382 1694; x_wconf 80' lang='grc' dir='ltr'><strong>κεν</strong></span> 
     </span>
     <span class='ocr_line' id='line_1_12' title="bbox 1057 1736 1159 1808; baseline 0 0"><span class='ocrx_word' id='word_1_71' title='bbox 1057 1736 1159 1808; x_wconf 82' lang='grc' dir='ltr'><strong>ε’ίποο.</strong></span> 
     </span>
    </p>

    <p class='ocr_par' dir='ltr' id='par_1_6' title="bbox 274 1871 1385 2354">
     <span class='ocr_line' id='line_1_13' title="bbox 274 1871 1385 1977; baseline -0.003 -23"><span class='ocrx_word' id='word_1_72' title='bbox 274 1879 342 1954; x_wconf 79' lang='lat' dir='ltr'><strong>Um</strong></span> <span class='ocrx_word' id='word_1_73' title='bbox 353 1875 551 1952; x_wconf 82' lang='lat' dir='ltr'><strong>Eustatiios</strong></span> <span class='ocrx_word' id='word_1_74' title='bbox 567 1871 734 1977; x_wconf 75' lang='grc' dir='ltr'><strong>θύγατερ</strong></span> <span class='ocrx_word' id='word_1_75' title='bbox 748 1874 891 1972; x_wconf 84' lang='lat' dir='ltr'><strong>legebat.</strong></span> <span class='ocrx_word' id='word_1_76' title='bbox 917 1872 981 1950; x_wconf 83' lang='lat' dir='ltr'><strong>Sic</strong></span> <span class='ocrx_word' id='word_1_77' title='bbox 993 1875 1181 1974; x_wconf 76' lang='lat' dir='ltr'><strong>Aeschylus</strong></span> <span class='ocrx_word' id='word_1_78' title='bbox 1192 1876 1309 1950; x_wconf 89' lang='lat' dir='ltr'><strong>Prom.</strong></span> <span class='ocrx_word' id='word_1_79' title='bbox 1321 1875 1385 1951; x_wconf 88' lang='lat'><strong>88.</strong></span> 
     </span>
     <span class='ocr_line' id='line_1_14' title="bbox 378 2011 1142 2116; baseline -0.005 -22"><span class='ocrx_word' id='word_1_80' title='bbox 378 2017 409 2094; x_wconf 79' lang='grc' dir='ltr'><strong>οὔ</strong></span> <span class='ocrx_word' id='word_1_81' title='bbox 434 2017 515 2101; x_wconf 72' lang='grc' dir='ltr'><strong><em>δῖος</em></strong></span> <span class='ocrx_word' id='word_1_82' title='bbox 540 2015 655 2116; x_wconf 80' lang='grc' dir='ltr'><strong><em>αλθὴρ</em></strong></span> <span class='ocrx_word' id='word_1_83' title='bbox 681 2015 746 2092; x_wconf 87' lang='grc' dir='ltr'><strong>καὶ</strong></span> <span class='ocrx_word' id='word_1_84' title='bbox 769 2011 993 2115; x_wconf 79' lang='grc' dir='ltr'><strong><em>ταχύπτεροι</em></strong></span> <span class='ocrx_word' id='word_1_85' title='bbox 1017 2013 1142 2106; x_wconf 81' lang='grc' dir='ltr'><strong><em>πνοαί,</em></strong></span> 
     </span>
     <span class='ocr_line' id='line_1_15' title="bbox 377 2129 1234 2239; baseline 0 -29"><span class='ocrx_word' id='word_1_86' title='bbox 377 2143 558 2233; x_wconf 67' lang='grc' dir='ltr'><strong><em>ποταμῶν</em></strong></span> <span class='ocrx_word' id='word_1_87' title='bbox 581 2164 620 2210; x_wconf 88' lang='grc' dir='ltr'><strong>τε</strong></span> <span class='ocrx_word' id='word_1_88' title='bbox 640 2133 774 2239; x_wconf 84' lang='grc' dir='ltr'><strong><em>πηγαί,</em></strong></span> <span class='ocrx_word' id='word_1_89' title='bbox 800 2134 964 2211; x_wconf 78' lang='grc' dir='ltr'><strong><em>ποντίων</em></strong></span> <span class='ocrx_word' id='word_1_90' title='bbox 987 2163 1027 2209; x_wconf 87' lang='grc' dir='ltr'><strong>τε</strong></span> <span class='ocrx_word' id='word_1_91' title='bbox 1051 2129 1234 2231; x_wconf 78' lang='grc' dir='ltr'><strong><em>καμάτων</em></strong></span> 
     </span>
     <span class='ocr_line' id='line_1_16' title="bbox 377 2247 1175 2354; baseline -0.003 -26"><span class='ocrx_word' id='word_1_92' title='bbox 377 2249 593 2349; x_wconf 74' lang='grc' dir='ltr'><strong><em>ἀνήριθμον</em></strong></span> <span class='ocrx_word' id='word_1_93' title='bbox 617 2249 804 2354; x_wconf 80' lang='grc' dir='ltr'><strong>γέλασμα,</strong></span> <span class='ocrx_word' id='word_1_94' title='bbox 829 2247 1030 2351; x_wconf 83' lang='grc' dir='ltr'><strong><em>παμμῆτόρ</em></strong></span> <span class='ocrx_word' id='word_1_95' title='bbox 1052 2280 1091 2326; x_wconf 83' lang='grc' dir='ltr'><strong>τε</strong></span> <span class='ocrx_word' id='word_1_96' title='bbox 1116 2257 1175 2354; x_wconf 83' lang='grc' dir='ltr'><strong>γῆ.</strong></span> 
     </span>
    </p>

    <p class='ocr_par' dir='ltr' id='par_1_7' title="bbox 277 2377 1384 2494">
     <span class='ocr_line' id='line_1_17' title="bbox 277 2377 1384 2494; baseline -0.002 -24"><span class='ocrx_word' id='word_1_97' title='bbox 277 2398 345 2494; x_wconf 79' lang='lat' dir='ltr'><strong>Qui</strong></span> <span class='ocrx_word' id='word_1_98' title='bbox 371 2421 486 2470; x_wconf 84' lang='lat' dir='ltr'><strong>omues</strong></span> <span class='ocrx_word' id='word_1_99' title='bbox 511 2393 705 2467; x_wconf 81' lang='lat' dir='ltr'><strong>nominativi</strong></span> <span class='ocrx_word' id='word_1_100' title='bbox 731 2395 923 2470; x_wconf 82' lang='lat' dir='ltr'><strong>declarandi</strong></span> <span class='ocrx_word' id='word_1_101' title='bbox 947 2395 1013 2468; x_wconf 87' lang='lat' dir='ltr'><strong>vim</strong></span> <span class='ocrx_word' id='word_1_102' title='bbox 1034 2395 1176 2488; x_wconf 78' lang='lat' dir='ltr'><strong>liabent,</strong></span> <span class='ocrx_word' id='word_1_103' title='bbox 1200 2405 1238 2471; x_wconf 89' lang='lat' dir='ltr'><strong>ut</strong></span> <span class='ocrx_word' id='word_1_104' title='bbox 1253 2377 1323 2470; x_wconf 73' lang='lat' dir='ltr'><strong>&#39;illo</strong></span> <span class='ocrx_word' id='word_1_105' title='bbox 1348 2396 1384 2468; x_wconf 86' lang='lat' dir='ltr'><strong>io</strong></span> 
     </span>
    </p>
   </div>
   <div class='ocr_carea' id='block_1_5' title="bbox 274 2507 1495 2612">
    <p class='ocr_par' dir='ltr' id='par_1_8' title="bbox 274 2507 1495 2612">
     <span class='ocr_line' id='line_1_18' title="bbox 274 2507 1495 2612; baseline -0.002 -23"><span class='ocrx_word' id='word_1_106' title='bbox 274 2509 464 2591; x_wconf 77' lang='lat' dir='ltr'><strong>liolooaoi</strong></span> <span class='ocrx_word' id='word_1_107' title='bbox 499 2507 628 2594; x_wconf 79' lang='grc' dir='ltr'><strong><em>καινὸς</em></strong></span> <span class='ocrx_word' id='word_1_108' title='bbox 652 2508 745 2607; x_wconf 79' lang='grc' dir='ltr'><strong><em>ἡμῖν</em></strong></span> <span class='ocrx_word' id='word_1_109' title='bbox 770 2507 895 2607; x_wconf 82' lang='grc' dir='ltr'><strong><em>πόσις,</em></strong></span> <span class='ocrx_word' id='word_1_110' title='bbox 931 2513 972 2587; x_wconf 75' lang='lat' dir='ltr'><strong>olo</strong></span> <span class='ocrx_word' id='word_1_111' title='bbox 1004 2539 1069 2612; x_wconf 87' lang='lat' dir='ltr'><strong>quo</strong></span> <span class='ocrx_word' id='word_1_112' title='bbox 1101 2513 1142 2588; x_wconf 85' lang='lat' dir='ltr'><strong>ad</strong></span> <span class='ocrx_word' id='word_1_113' title='bbox 1168 2514 1261 2587; x_wconf 84' lang='lat' dir='ltr'><strong>illius</strong></span> <span class='ocrx_word' id='word_1_114' title='bbox 1285 2515 1385 2588; x_wconf 85' lang='lat' dir='ltr'><strong>iabu-</strong></span> <span class='ocrx_word' id='word_1_115' title='bbox 1494 2513 1495 2518; x_wconf 64' lang='grc'>’</span> 
     </span>
    </p>
   </div>
   <div class='ocr_carea' id='block_1_6' title="bbox 274 2625 1383 2843">
    <p class='ocr_par' dir='ltr' id='par_1_9' title="bbox 274 2625 1383 2843">
     <span class='ocr_line' id='line_1_19' title="bbox 274 2625 1383 2710; baseline -0.004 -1"><span class='ocrx_word' id='word_1_116' title='bbox 274 2638 329 2710; x_wconf 83' lang='lat' dir='ltr'><strong>iae</strong></span> <span class='ocrx_word' id='word_1_117' title='bbox 354 2659 387 2706; x_wconf 86' lang='lat' dir='ltr'><strong>u.</strong></span> <span class='ocrx_word' id='word_1_118' title='bbox 412 2625 523 2703; x_wconf 77' lang='lat'><strong>1421.</strong></span> <span class='ocrx_word' id='word_1_119' title='bbox 547 2629 631 2702; x_wconf 84' lang='lat' dir='ltr'><strong>dixi.</strong></span> <span class='ocrx_word' id='word_1_120' title='bbox 680 2628 745 2702; x_wconf 87' lang='lat' dir='ltr'><strong>Sio</strong></span> <span class='ocrx_word' id='word_1_121' title='bbox 776 2630 875 2702; x_wconf 85' lang='lat' dir='ltr'><strong>otiam</strong></span> <span class='ocrx_word' id='word_1_122' title='bbox 901 2629 1031 2705; x_wconf 87' lang='lat' dir='ltr'><strong>Latini.</strong></span> <span class='ocrx_word' id='word_1_123' title='bbox 1080 2629 1242 2705; x_wconf 85' lang='lat' dir='ltr'><strong>Horatius</strong></span> <span class='ocrx_word' id='word_1_124' title='bbox 1271 2630 1383 2706; x_wconf 83' lang='lat' dir='ltr'><strong>Suum.</strong></span> 
     </span>
     <span class='ocr_line' id='line_1_20' title="bbox 274 2748 502 2843; baseline -0.026 -17"><span class='ocrx_word' id='word_1_125' title='bbox 274 2752 325 2826; x_wconf 89' lang='grc' dir='ltr'><strong>ΙΙ.</strong></span> <span class='ocrx_word' id='word_1_126' title='bbox 349 2751 388 2843; x_wconf 80' lang='grc'><strong>2,</strong></span> <span class='ocrx_word' id='word_1_127' title='bbox 414 2748 502 2821; x_wconf 85' lang='grc'><strong>106.</strong></span> 
     </span>
    </p>
   </div>
   <div class='ocr_carea' id='block_1_7' title="bbox 373 2885 1267 3104">
    <p class='ocr_par' dir='ltr' id='par_1_10' title="bbox 373 2885 1267 3104">
     <span class='ocr_line' id='line_1_21' title="bbox 373 2885 1267 2988; baseline 0.002 -22"><span class='ocrx_word' id='word_1_128' title='bbox 373 2891 447 2966; x_wconf 80' lang='grc' dir='ltr'><strong><em>ιιιιέ</em></strong></span> <span class='ocrx_word' id='word_1_129' title='bbox 466 2889 647 2964; x_wconf 58' lang='lat' dir='ltr'><strong>nummum</strong></span> <span class='ocrx_word' id='word_1_130' title='bbox 670 2885 746 2960; x_wconf 60' lang='lat' dir='ltr'><strong>tuos·</strong></span> <span class='ocrx_word' id='word_1_131' title='bbox 764 2899 873 2960; x_wconf 77' lang='lat' dir='ltr'><strong>recto</strong></span> <span class='ocrx_word' id='word_1_132' title='bbox 898 2912 1047 2988; x_wconf 75' lang='lat' dir='ltr'><strong>semper</strong></span> <span class='ocrx_word' id='word_1_133' title='bbox 1070 2902 1166 2966; x_wconf 75' lang='lat' dir='ltr'><strong>eunt</strong></span> <span class='ocrx_word' id='word_1_134' title='bbox 1190 2918 1267 2987; x_wconf 76' lang='lat' dir='ltr'><strong>reo,</strong></span> 
     </span>
     <span class='ocr_line' id='line_1_22' title="bbox 375 3003 1099 3104; baseline -0.003 -20"><span class='ocrx_word' id='word_1_135' title='bbox 375 3035 398 3084; x_wconf 94' lang='grc' dir='ltr'><strong><em>ο</em></strong></span> <span class='ocrx_word' id='word_1_136' title='bbox 426 3030 589 3101; x_wconf 63' lang='grc' dir='ltr'><strong>ιαομιεαε</strong></span> <span class='ocrx_word' id='word_1_137' title='bbox 608 3003 779 3104; x_wconf 75' lang='lat' dir='ltr'><strong>posthoc</strong></span> <span class='ocrx_word' id='word_1_138' title='bbox 799 3006 962 3082; x_wconf 78' lang='lat' dir='ltr'><strong>aimino’co‘u</strong></span> <span class='ocrx_word' id='word_1_139' title='bbox 987 3006 1099 3084; x_wconf 75' lang='grc' dir='ltr'><strong>τίετε.</strong></span> 
     </span>
    </p>
   </div>
   <div class='ocr_carea' id='block_1_8' title="bbox 274 3145 948 3245">
    <p class='ocr_par' dir='ltr' id='par_1_11' title="bbox 274 3145 948 3245">
     <span class='ocr_line' id='line_1_23' title="bbox 274 3145 948 3245; baseline 0 -23"><span class='ocrx_word' id='word_1_140' title='bbox 274 3147 322 3223; x_wconf 85' lang='lat' dir='ltr'><strong>Et</strong></span> <span class='ocrx_word' id='word_1_141' title='bbox 347 3148 381 3221; x_wconf 90' lang='lat' dir='ltr'><strong>io</strong></span> <span class='ocrx_word' id='word_1_142' title='bbox 404 3147 548 3245; x_wconf 78' lang='lat' dir='ltr'><strong>epistula</strong></span> <span class='ocrx_word' id='word_1_143' title='bbox 569 3145 612 3220; x_wconf 80' lang='lat' dir='ltr'><strong>ad</strong></span> <span class='ocrx_word' id='word_1_144' title='bbox 634 3145 778 3220; x_wconf 79' lang='lat' dir='ltr'><strong>Pisones</strong></span> <span class='ocrx_word' id='word_1_145' title='bbox 804 3169 834 3221; x_wconf 86' lang='lat' dir='ltr'><strong>v.</strong></span> <span class='ocrx_word' id='word_1_146' title='bbox 859 3145 948 3222; x_wconf 81' lang='lat'><strong>291.</strong></span> 
     </span>
    </p>
   </div>
   <div class='ocr_carea' id='block_1_9' title="bbox 238 3309 1281 3502">
    <p class='ocr_par' dir='ltr' id='par_1_12' title="bbox 238 3309 1281 3502">
     <span class='ocr_line' id='line_1_24' title="bbox 1145 3309 1280 3362; baseline 0.037 -5"><span class='ocrx_word' id='word_1_147' title='bbox 1145 3309 1213 3360; x_wconf 78' lang='lat' dir='ltr'><strong>ooo</strong></span> <span class='ocrx_word' id='word_1_148' title='bbox 1258 3313 1280 3362; x_wconf 96' lang='grc' dir='ltr'><strong><em>ο</em></strong></span> 
     </span>
     <span class='ocr_line' id='line_1_25' title="bbox 238 3339 1281 3502; baseline 0.005 -31"><span class='ocrx_word' id='word_1_149' title='bbox 238 3411 240 3420; x_wconf 83' lang='grc'><strong>“</strong></span> <span class='ocrx_word' id='word_1_150' title='bbox 349 3403 352 3410; x_wconf 87' lang='grc'><strong>’</strong></span> <span class='ocrx_word' id='word_1_151' title='bbox 379 3396 593 3499; x_wconf 69' lang='lat' dir='ltr'><strong>Pomptinus</strong></span> <span class='ocrx_word' id='word_1_152' title='bbox 618 3399 797 3494; x_wconf 70' lang='lat' dir='ltr'><strong>sanguia,</strong></span> <span class='ocrx_word' id='word_1_153' title='bbox 822 3425 980 3475; x_wconf 80' lang='lat' dir='ltr'><strong>carmem</strong></span> <span class='ocrx_word' id='word_1_154' title='bbox 1003 3339 1281 3502; x_wconf 68' lang='lat' dir='ltr'><strong>reprehendite.</strong></span> 
     </span>
    </p>
   </div>
   <div class='ocr_carea' id='block_1_10' title="bbox 272 3543 1464 4473">
    <p class='ocr_par' dir='ltr' id='par_1_13' title="bbox 272 3543 1464 4473">
     <span class='ocr_line' id='line_1_26' title="bbox 274 3543 1386 3656; baseline 0.013 -39"><span class='ocrx_word' id='word_1_155' title='bbox 274 3543 567 3642; x_wconf 72' lang='lat' dir='ltr'><strong>Apolloniusuon</strong></span> <span class='ocrx_word' id='word_1_156' title='bbox 593 3548 699 3619; x_wconf 82' lang='lat' dir='ltr'><strong>solum</strong></span> <span class='ocrx_word' id='word_1_157' title='bbox 725 3547 961 3621; x_wconf 78' lang='lat' dir='ltr'><strong>nominativum</strong></span> <span class='ocrx_word' id='word_1_158' title='bbox 986 3574 1049 3646; x_wconf 84' lang='lat' dir='ltr'><strong>pro</strong></span> <span class='ocrx_word' id='word_1_159' title='bbox 1075 3553 1225 3626; x_wconf 72' lang='lat' dir='ltr'><strong>vocativo</strong></span> <span class='ocrx_word' id='word_1_160' title='bbox 1246 3580 1386 3656; x_wconf 80' lang='lat' dir='ltr'><strong>usurpa-</strong></span> 
     </span>
     <span class='ocr_line' id='line_1_27' title="bbox 273 3661 1384 3770; baseline 0.013 -35"><span class='ocrx_word' id='word_1_161' title='bbox 273 3670 378 3751; x_wconf 77' lang='lat' dir='ltr'><strong>tum,¹</strong></span> <span class='ocrx_word' id='word_1_162' title='bbox 397 3661 456 3734; x_wconf 78' lang='lat' dir='ltr'><strong>sed</strong></span> <span class='ocrx_word' id='word_1_163' title='bbox 492 3664 590 3738; x_wconf 88' lang='lat' dir='ltr'><strong>etiam</strong></span> <span class='ocrx_word' id='word_1_164' title='bbox 627 3666 741 3737; x_wconf 83' lang='lat' dir='ltr'><strong>ambos</strong></span> <span class='ocrx_word' id='word_1_165' title='bbox 773 3687 870 3737; x_wconf 85' lang='lat' dir='ltr'><strong>casus</strong></span> <span class='ocrx_word' id='word_1_166' title='bbox 903 3666 1060 3764; x_wconf 84' lang='lat' dir='ltr'><strong>coniungi</strong></span> <span class='ocrx_word' id='word_1_167' title='bbox 1089 3668 1207 3742; x_wconf 82' lang='lat' dir='ltr'><strong>soiitos</strong></span> <span class='ocrx_word' id='word_1_168' title='bbox 1243 3676 1384 3770; x_wconf 85' lang='lat' dir='ltr'><strong>putavit,</strong></span> 
     </span>
     <span class='ocr_line' id='line_1_28' title="bbox 274 3775 1385 3888; baseline 0.015 -39"><span class='ocrx_word' id='word_1_169' title='bbox 274 3779 416 3851; x_wconf 79' lang='lat' dir='ltr'><strong>afferens</strong></span> <span class='ocrx_word' id='word_1_170' title='bbox 442 3775 474 3852; x_wconf 76' lang='lat' dir='ltr'><strong>oi</strong></span> <span class='ocrx_word' id='word_1_171' title='bbox 499 3779 650 3880; x_wconf 73' lang='grc' dir='ltr'><strong><em>φίλτατ’</em></strong></span> <span class='ocrx_word' id='word_1_172' title='bbox 675 3783 781 3868; x_wconf 73' lang='grc' dir='ltr'><strong><em>Αἰάς,</em></strong></span> <span class='ocrx_word' id='word_1_173' title='bbox 809 3782 894 3880; x_wconf 87' lang='lat' dir='ltr'><strong>qood</strong></span> <span class='ocrx_word' id='word_1_174' title='bbox 920 3808 987 3855; x_wconf 87' lang='lat' dir='ltr'><strong>ooo</strong></span> <span class='ocrx_word' id='word_1_175' title='bbox 1013 3787 1115 3858; x_wconf 81' lang='lat' dir='ltr'><strong>semol</strong></span> <span class='ocrx_word' id='word_1_176' title='bbox 1141 3785 1176 3859; x_wconf 91' lang='lat' dir='ltr'><strong>io</strong></span> <span class='ocrx_word' id='word_1_177' title='bbox 1202 3785 1385 3888; x_wconf 81' lang='lat' dir='ltr'><strong>Sophoclis</strong></span> 
     </span>
     <span class='ocr_line' id='line_1_29' title="bbox 273 3891 1385 4003; baseline 0.015 -36"><span class='ocrx_word' id='word_1_178' title='bbox 273 3891 381 3969; x_wconf 73' lang='lat' dir='ltr'><strong>Aiace</strong></span> <span class='ocrx_word' id='word_1_179' title='bbox 406 3896 542 3996; x_wconf 83' lang='lat' dir='ltr'><strong>legitur.</strong></span> <span class='ocrx_word' id='word_1_180' title='bbox 592 3900 665 3973; x_wconf 85' lang='lat' dir='ltr'><strong>Alii</strong></span> <span class='ocrx_word' id='word_1_181' title='bbox 693 3900 901 3996; x_wconf 81' lang='lat' dir='ltr'><strong>grammatici</strong></span> <span class='ocrx_word' id='word_1_182' title='bbox 928 3901 1112 3974; x_wconf 83' lang='lat' dir='ltr'><strong>vocativum</strong></span> <span class='ocrx_word' id='word_1_183' title='bbox 1138 3905 1223 4003; x_wconf 82' lang='lat' dir='ltr'><strong>apud</strong></span> <span class='ocrx_word' id='word_1_184' title='bbox 1250 3907 1385 3984; x_wconf 85' lang='lat' dir='ltr'><strong>Atticos</strong></span> 
     </span>
     <span class='ocr_line' id='line_1_30' title="bbox 274 4013 1386 4125; baseline 0.013 -41"><span class='ocrx_word' id='word_1_185' title='bbox 274 4013 421 4087; x_wconf 79' lang='lat' dir='ltr'><strong>eamdam</strong></span> <span class='ocrx_word' id='word_1_186' title='bbox 448 4039 522 4090; x_wconf 89' lang='lat' dir='ltr'><strong>oum</strong></span> <span class='ocrx_word' id='word_1_187' title='bbox 546 4019 749 4092; x_wconf 79' lang='lat' dir='ltr'><strong>nominativo</strong></span> <span class='ocrx_word' id='word_1_188' title='bbox 766 4017 904 4092; x_wconf 78' lang='lat' dir='ltr'><strong>formam</strong></span> <span class='ocrx_word' id='word_1_189' title='bbox 925 4018 1048 4093; x_wconf 79' lang='lat' dir='ltr'><strong>haiom</strong></span> <span class='ocrx_word' id='word_1_190' title='bbox 1073 4030 1222 4115; x_wconf 85' lang='lat' dir='ltr'><strong>consent,</strong></span> <span class='ocrx_word' id='word_1_191' title='bbox 1247 4023 1288 4099; x_wconf 82' lang='lat' dir='ltr'><strong>do</strong></span> <span class='ocrx_word' id='word_1_192' title='bbox 1308 4028 1386 4125; x_wconf 83' lang='lat' dir='ltr'><strong>qui-</strong></span> 
     </span>
     <span class='ocr_line' id='line_1_31' title="bbox 274 4129 1384 4235; baseline 0.015 -33"><span class='ocrx_word' id='word_1_193' title='bbox 274 4131 335 4203; x_wconf 76' lang='lat' dir='ltr'><strong>bos</strong></span> <span class='ocrx_word' id='word_1_194' title='bbox 360 4129 551 4208; x_wconf 82' lang='lat' dir='ltr'><strong>Ellendtius</strong></span> <span class='ocrx_word' id='word_1_195' title='bbox 577 4135 610 4208; x_wconf 91' lang='lat' dir='ltr'><strong>iu</strong></span> <span class='ocrx_word' id='word_1_196' title='bbox 633 4133 766 4210; x_wconf 83' lang='lat' dir='ltr'><strong>Loxioo</strong></span> <span class='ocrx_word' id='word_1_197' title='bbox 791 4133 1003 4233; x_wconf 77' lang='lat' dir='ltr'><strong>Sophocleo:</strong></span> <span class='ocrx_word' id='word_1_198' title='bbox 1029 4137 1119 4235; x_wconf 84' lang='lat' dir='ltr'><strong>iique</strong></span> <span class='ocrx_word' id='word_1_199' title='bbox 1143 4149 1234 4214; x_wconf 84' lang='lat' dir='ltr'><strong>recto</strong></span> <span class='ocrx_word' id='word_1_200' title='bbox 1258 4145 1384 4219; x_wconf 83' lang='lat' dir='ltr'><strong>sentiro</strong></span> 
     </span>
     <span class='ocr_line' id='line_1_32' title="bbox 273 4245 1464 4352; baseline 0.014 -34"><span class='ocrx_word' id='word_1_201' title='bbox 273 4245 444 4342; x_wconf 85' lang='lat' dir='ltr'><strong>videntur,</strong></span> <span class='ocrx_word' id='word_1_202' title='bbox 479 4252 541 4325; x_wconf 82' lang='lat' dir='ltr'><strong>etsi</strong></span> <span class='ocrx_word' id='word_1_203' title='bbox 573 4277 638 4327; x_wconf 88' lang='lat' dir='ltr'><strong>uon</strong></span> <span class='ocrx_word' id='word_1_204' title='bbox 672 4253 868 4328; x_wconf 82' lang='lat' dir='ltr'><strong>contendum</strong></span> <span class='ocrx_word' id='word_1_205' title='bbox 909 4254 1066 4352; x_wconf 84' lang='lat' dir='ltr'><strong>coniungi</strong></span> <span class='ocrx_word' id='word_1_206' title='bbox 1093 4257 1153 4332; x_wconf 81' lang='lat' dir='ltr'><strong>hos</strong></span> <span class='ocrx_word' id='word_1_207' title='bbox 1187 4284 1284 4332; x_wconf 85' lang='lat' dir='ltr'><strong>casus</strong></span> <span class='ocrx_word' id='word_1_208' title='bbox 1317 4287 1383 4334; x_wconf 86' lang='lat' dir='ltr'><strong>nom</strong></span> <span class='ocrx_word' id='word_1_209' title='bbox 1461 4297 1464 4304; x_wconf 95' lang='lat'>·</span> 
     </span>
     <span class='ocr_line' id='line_1_33' title="bbox 272 4366 1385 4473; baseline 0.015 -37"><span class='ocrx_word' id='word_1_210' title='bbox 272 4388 384 4461; x_wconf 77' lang='lat' dir='ltr'><strong>posse.</strong></span> <span class='ocrx_word' id='word_1_211' title='bbox 434 4366 521 4443; x_wconf 90' lang='lat' dir='ltr'><strong>Nam</strong></span> <span class='ocrx_word' id='word_1_212' title='bbox 549 4373 648 4445; x_wconf 87' lang='lat' dir='ltr'><strong>otium</strong></span> <span class='ocrx_word' id='word_1_213' title='bbox 675 4366 705 4444; x_wconf 79' lang='grc' dir='ltr'><em>ὦ</em></span> <span class='ocrx_word' id='word_1_214' title='bbox 732 4369 883 4469; x_wconf 75' lang='grc' dir='ltr'><strong><em>φίλτατ’</em></strong></span> <span class='ocrx_word' id='word_1_215' title='bbox 909 4373 1004 4453; x_wconf 81' lang='grc' dir='ltr'><strong><em>Αἴας</em></strong></span> <span class='ocrx_word' id='word_1_216' title='bbox 1029 4373 1169 4448; x_wconf 72' lang='lat' dir='ltr'><strong>sicilici</strong></span> <span class='ocrx_word' id='word_1_217' title='bbox 1194 4378 1320 4473; x_wconf 85' lang='lat' dir='ltr'><strong>potuit,</strong></span> <span class='ocrx_word' id='word_1_218' title='bbox 1347 4389 1385 4454; x_wconf 89' lang='lat' dir='ltr'><strong>ut</strong></span> 
     </span>
    </p>
   </div>
   <div class='ocr_carea' id='block_1_11' title="bbox 0 0 1516 5140">
    <p class='ocr_par' dir='ltr' id='par_1_14' title="bbox 0 0 1516 5140">
     <span class='ocr_line' id='line_1_34' title="bbox 0 0 1516 5140; baseline 0 0"><span class='ocrx_word' id='word_1_219' title='bbox 0 0 1516 5140; x_wconf 95' lang='lat' dir='ltr'><strong> </strong></span> 
     </span>
    </p>
   </div>
  </div>
 </body>
</html>
