2974 5138
624 342 668 413 31

81 515 135 597 soi
165 528 243 597 τοῦ
270 519 360 604 Διὸς
381 518 423 595 (λε’
449 522 635 625 λεγομένω
657 521 846 624 Διοςκόρω

82 649 156 723 οὐκ
186 641 319 732 ἐστόν,
346 643 440 719 ἀλλὰ
464 640 578 726 πάντ’
603 650 741 744 ἔχουσα
764 647 925 744 ducrum}

81 779 165 855 τοῖς
194 767 419 873 πράγμασιν
442 769 627 866 τέθνηκα,
653 773 793 857 τοῖσδ’
820 777 983 875 ἔργοισιν
1004 776 1060 849 οὔ.

81 896 125 972 τὸ
155 895 199 972 δ’
228 898 388 990 ἔσχατον
410 896 527 983 τοῦτ’,
553 903 585 971 ελ
607 894 786 996 μόλοιμεν
810 905 860 982 sle
884 894 1043 996 πάτραν,
1178 917 1184 930 “
1211 912 1272 970 295

21 1025 22 1034 ’
83 1018 271 1120 κλῄθροις
295 1017 346 1095 dv
368 1019 608 1122 εἰργοίμεσθα
614 1077 627 1112 ,
653 1021 722 1119 τὴν
746 1021 813 1099 ὑπ’
836 1021 927 1122 Ἰλίῳ

87 1145 294 1228 δοκοῦντες
314 1144 459 1240 Ἑλένην
483 1144 660 1223 Μενέλεώ
683 1149 729 1246 μ’
753 1150 877 1222 ἐλθεῖν
900 1147 1005 1244 μεέα.

86 1278 118 1345 εἰ
143 1268 318 1374 μὲνγὰρ
343 1269 404 1365 ἔζη
427 1266 551 1368 πόσις,
578 1270 872 1378 ἀνεγνώσθημεν
897 1275 958 1360 ἄν,

88 1533 160 1572 reor
177 1533 216 1571 ne
238 1511 318 1574 nibil.
370 1512 437 1572 Non
456 1525 501 1574 est
520 1515 596 1574 enirn
615 1534 667 1594 pro
688 1513 839 1589 adverbio,
863 1515 916 1576 sed
931 1525 1098 1594 potestatem
1117 1515 1202 1576 babet

89 1617 154 1656 eam
165 1639 178 1668 ,
201 1615 275 1674 quae
295 1597 322 1655 ei
340 1598 454 1676 propria
472 1608 533 1656 est:
555 1608 586 1658 ut
605 1595 737 1679 ἄκραντα
756 1596 855 1678 ὁρμᾶν
875 1596 941 1677 quid
962 1597 1038 1658 aliud
1056 1609 1101 1656 est
1119 1618 1199 1678 quam

89 1680 229 1758 ἄκραντα
245 1676 387 1758 πράττειν
402 1677 564 1760 tepeseat
594 1680 716 1762 Semper
735 1683 809 1741 euim
828 1683 920 1760 aliqua
935 1683 1010 1740 aetio
1023 1679 1200 1759 adsignifica-

89 1775 190 1824 tuneo
206 1763 312 1834 verbo,
337 1783 374 1824 ex
394 1783 449 1842 qno
466 1763 572 1845 pendet
590 1767 785 1837 aecusativus,
808 1765 859 1826 sed
876 1784 910 1824 ea
931 1784 1016 1844 saepe
1039 1763 1199 1834 obscurius,

89 1859 120 1906 ut
142 1866 203 1904 non
228 1845 330 1925 ubique
348 1845 448 1906 eodem
464 1846 547 1907 modo
564 1846 703 1908 declarari
719 1851 820 1928 possit.
873 1849 923 1908 Sie
942 1846 1070 1927 ἄλεκτρα
1092 1843 1201 1926 dont-

89 1927 162 1992 ναιά
179 1951 213 1990 τε
228 1925 392 2030 γηράσκειν
413 1942 456 1989 est
473 1928 682 2013 γηράσκουσαν
701 1931 829 2009 άλειιτρα
849 1931 899 1995 καὶ
916 1925 1079 2012 άναμέναια
1093 1925 1130 1992 sd
1145 1933 1202 1992 τοῦ

90 2019 163 2095 βίου
186 2013 311 2095 διαγειν.
354 2013 402 2074 Ad
418 2033 481 2074 eum
502 2014 615 2075 modum
631 2017 714 2075 facile
731 2017 938 2095 intelligeretur
959 2012 1065 2096 χρόνια
1086 2021 1200 2092 παρθε-

89 2096 254 2160 νεὺεσθαιε
279 2095 329 2156 sed
342 2092 432 2160 πολιοὶ
450 2095 695 2180 παρθενεύεσθαι
715 2100 901 2159 vehementer
919 2119 1023 2160 vereor
1039 2110 1070 2159 ut
1084 2096 1200 2158 delendi

90 2181 195 2262 possit,
218 2181 272 2238 nisi
291 2181 353 2260 quis
367 2177 598 2245 ostendatrrolsd
614 2181 689 2242 idem
703 2181 777 2262 quod
793 2180 897 2262 χρόνια
914 2180 1087 2262 significare.
1117 2180 1199 2241 llaec

90 2267 138 2346 qni
158 2262 401 2337 consideraverit,
426 2277 523 2339 reete,
546 2266 650 2338 eredo,
675 2286 719 2325 me
741 2269 903 2345 reposuisse
924 2267 1073 2326 fatebitur:
1103 2261 1200 2348 θυγά-

91 2373 146 2432 τηρ
164 2347 329 2425 ἄνανδρος,
350 2344 441 2410 nolani
464 2346 703 2430 ααρθενεάματα.
1192 2353 1196 2366 ’

174 2446 219 2507 V.
242 2454 314 2510 294.
347 2447 504 2528 Operosius
520 2449 591 2510 baec
608 2470 690 2530 quam
704 2470 773 2529 opus
786 2460 848 2510 erat
861 2449 997 2528 explicari
1010 2444 1104 2506 video.
1129 2449 1200 2530 Τοῖς

94 2528 268 2612 πράγμασιν
283 2530 358 2592 idem
377 2541 421 2590 est
439 2543 523 2612 atque
544 2538 607 2605 τοῖς
626 2530 768 2595 πάθεσιν.
810 2531 929 2592 Perisse
950 2550 981 2590 se
998 2528 1066 2588 dicit
1077 2530 1113 2590 iis
1127 2549 1198 2608 quau

94 2635 230 2696 perpessa
251 2616 304 2686 sit,
328 2635 383 2673 non
403 2616 458 2673 illis
480 2636 551 2695 qnae
571 2618 684 2676 feeerit.

172 2712 217 2776 V·
234 2723 307 2778 296.
354 2709 511 2794 Κλῄθροις
539 2715 692 2778 Elmsleius
715 2718 743 2776 in
769 2734 890 2776 censura
915 2709 1077 2782 Marklaudi
1102 2710 1195 2792 lpbig.

93 2799 180 2860 Taur.
201 2805 276 2862 719.
313 2798 395 2857 Libri
413 2798 574 2878 κλείθροις.

172 2895 216 2960 V.
241 2907 314 2961 297.
357 2897 457 2957 Libri:
481 2898 640 2970 δοκοῦντες
654 2895 778 2976 Ἑλένην
795 2896 938 2960 Μενέλεω
953 2891 981 2974 μ’
999 2893 1101 2956 ἐλθεῖν
1116 2892 1197 2973 piru.

93 2980 124 3042 ld
143 2983 269 3041 serravit
283 2981 436 3041 Elmsleius
454 2980 474 3040 l.
491 3001 518 3042 e.
538 2983 584 3042 ubi
604 2980 640 3042 de
656 2983 867 3042 construetione
881 2979 952 3040 dixit
964 2980 1005 3038 sie
1021 2979 1105 3049 laetu,
1129 2987 1159 3036 ut
1173 2980 1198 3037 si

93 3067 300 3142 praecessisset
316 3064 444 3144 εἴργοιεν
459 3063 498 3127 do
517 3088 561 3145 με.
604 3064 765 3126 Brunelrius
779 3063 815 3126 ad
828 3062 976 3126 Prometb.
994 3072 1102 3132 1021„
1124 3060 1199 3138 quod

92 3147 217 3218 lleleua,
241 3167 313 3227 quae
331 3159 469 3208 mortuum
482 3169 547 3209 esse
561 3148 725 3209 Menelaum
743 3147 893 3219 audiverit,
915 3145 1086 3206 eontrarium
1101 3142 1198 3204 dicere

94 3231 214 3302 debeat,
237 3233 323 3292 scribi
337 3231 425 3290 voluit
444 3233 588 3296 Μενέλεω
605 3228 634 3307 μ’
650 3233 752 3293 ἐλθεῖν
769 3231 850 3304 άπερ.
892 3227 975 3302 Quod
995 3227 1135 3288 Matthiae
1148 3247 1198 3304 op·

94 3315 188 3392 pouit,
212 3316 339 3392 potuisse
359 3314 499 3375 Helenam
518 3336 581 3376 eum
601 3314 736 3376 Menelao
755 3314 843 3377 Troia
865 3312 993 3383 redisse,
1016 3311 1090 3371 hune
1103 3320 1197 3370 autem
1312 3385 1314 3390 ι

94 3399 122 3455 in
135 3397 239 3458 itinere
255 3408 394 3456 mortuum
409 3417 491 3470 esse,
514 3402 571 3460 etsi
586 3401 649 3458 iure
660 3397 818 3475 aPlluglsio
830 3407 861 3456 ut
874 3395 1037 3458 mirumnee
1052 3393 1197 3472 probabile

94 3481 229 3539 reiectum
246 3491 309 3552 est,
332 3491 424 3540 umen
446 3481 521 3560 quod
539 3485 600 3562 ipse
619 3492 716 3560 putat,
737 3481 807 3540 nihil
823 3480 1006 3556 obstareque
1024 3479 1114 3538 minus
1134 3497 1197 3538 euru

92 3563 226 3623 Menelao
247 3563 343 3624 redire
365 3563 498 3624 credatur
516 3565 642 3637 Helena,
666 3567 712 3645 qui
733 3584 818 3644 quum
837 3583 893 3622 non
913 3559 1038 3632 adesset,
1061 3580 1097 3618 ne
1118 3579 1196 3639 spem

93 3646 204 3726 quidem
227 3648 311 3706 ullam
328 3648 448 3727 relinqui
468 3649 529 3708 lore
547 3661 579 3708 ut
597 3649 644 3706 illa
662 3649 860 3728 reciperetur,
885 3642 913 3702 id
936 3663 1037 3704 uereor
1053 3663 1089 3704 ue
1108 3644 1197 3721 magis

93 3732 175 3789 etiam
193 3732 293 3789 mirum
310 3740 340 3789 et
358 3731 541 3808 improbabile
560 3735 606 3792 sit.
652 3731 727 3790 Nam
747 3752 802 3789 non
820 3727 903 3787 modo
916 3727 987 3786 nihil
1001 3721 1196 3804 obstabatque

94 3815 181 3872 minus
202 3833 266 3872 enm
283 3813 419 3873 Menelao
440 3814 534 3876 redire
555 3815 723 3876 crederetur
736 3814 861 3884 Helena,
885 3809 987 3870 sedne
1005 3818 1117 3890 poterat
1135 3808 1197 3885 qui·

94 3896 153 3955 dem
169 3895 250 3956 eredi
269 3897 332 3955 sine
351 3896 487 3957 Menelao
505 3897 614 3959 uenire.
659 3898 741 3959 Bona
761 3896 921 3967 sententia,
945 3893 1003 3954 sed¹
1017 3894 1090 3951 iusto
1110 3886 1197 3947 anda-

95 3981 152 4037 eius
171 3979 295 4040 Siebelis
321 3977 500 4058 μιμούμενοι
519 4002 570 4060 pro
591 3979 619 4062 μ’
640 3981 741 4044 ἐλθεῖν
760 3980 831 4060 μέτα
855 3979 1028 4038 coniecerat.
1077 3971 1197 4031 Lentin-

94 4062 157 4140 gius
174 4061 209 4122 ad
223 4061 359 4122 Medeam
375 4084 405 4143 p.
423 4071 474 4127 99.
496 4066 657 4127 Μενέλεων
675 4062 704 4143 μ’
721 4064 822 4126 ἐλθεῖν
836 4062 917 4141 μέτα,
938 4060 959 4116 i.
977 4077 1005 4118 e.
1019 4053 1077 4134 ’ἐμὲ
1096 4063 1196 4134 μετελ-

93 4151 163 4205 θεῖν
174 4141 226 4207 τὸν
242 4147 414 4207 Μενέλεων.
457 4148 499 4208 At
515 4170 569 4208 non
590 4149 742 4228 putabant,
765 4145 816 4206 sed
836 4145 964 4204 seieba'nt
980 4137 1143 4198 Menelaum
1155 4138 1197 4199 ad

94 4229 273 4309 repetendam
291 4230 431 4289 Helenam
449 4232 607 4310 proiectum
624 4251 699 4290 esse.
745 4227 828 4302 Quod
843 4223 909 4305 quid
926 4221 962 4282 ad
975 4240 1046 4292 rem,
1067 4221 1115 4282 ubi
1127 4221 1194 4282 red-

93 4313 133 4371 ire
147 4331 210 4372 euna
230 4332 294 4373 eum
312 4313 360 4372 illa
379 4333 450 4392 quae
469 4314 574 4373 Troiae
592 4315 680 4374 fuerit
694 4313 807 4372 Helena
822 4304 971 4367 dicendum
992 4303 1076 4364 erati
1100 4305 1194 4366 Brun-

94 4397 182 4455 rkiurn
202 4395 367 4470 laudarem,
391 4397 415 4454 si
435 4397 606 4458 coniecisset
626 4395 768 4456 Μενέλεω
784 4389 825 4472 μὴ
840 4387 1031 4463 ’λθεῖνάτερ
1071 4389 1145 4448 Nam
1164 4391 1193 4450 in

94 4498 233 4539 carcerem
254 4499 286 4539 se
305 4481 464 4540 coniectum
485 4482 521 4540 iri
538 4489 618 4560 putat
628 4479 753 4550 Helena,
777 4474 863 4556 quod,
886 4475 910 4533 si
925 4475 986 4534 sine
998 4473 1133 4533 Menelao
1144 4481 1196 4532 vei

95 4562 165 4635 nint,
187 4561 324 4643 Spartani
339 4555 405 4624 ¹eane
425 4559 484 4628 non
500 4564 594 4638 illam,
623 4583 694 4645 quae
709 4562 814 4628 Troiae
834 4560 939 4632 luerit,
967 4578 1048 4638 quam
1069 4557 1124 4633 ipsi
1144 4575 1193 4614 ve·
