<?xml version="1.0" encoding="UTF-8"?>
<!DOCTYPE html PUBLIC "-//W3C//DTD XHTML 1.0 Transitional//EN"
    "http://www.w3.org/TR/xhtml1/DTD/xhtml1-transitional.dtd">
<html xmlns="http://www.w3.org/1999/xhtml" xml:lang="en" lang="en">
 <head>
  <title>
</title>
<meta http-equiv="Content-Type" content="text/html;charset=utf-8" />
  <meta name='ocr-system' content='tesseract 3.04.00' />
  <meta name='ocr-capabilities' content='ocr_page ocr_carea ocr_par ocr_line ocrx_word'/>
</head>
<body>
  <div class='ocr_page' id='page_1' title='image "./euripidistragoe09eurigoog/euripidistragoe09eurigoog_0181.png"; bbox 0 0 2996 5136; ppageno 0'>
   <div class='ocr_carea' id='block_1_1' title="bbox 779 303 853 379">
    <p class='ocr_par' dir='ltr' id='par_1_1' title="bbox 779 303 853 379">
     <span class='ocr_line' id='line_1_1' title="bbox 779 303 853 379; baseline 0 -2"><span class='ocrx_word' id='word_1_1' title='bbox 779 303 853 379; x_wconf 67' lang='lat'><strong>154</strong></span> 
     </span>
    </p>
   </div>
   <div class='ocr_carea' id='block_1_2' title="bbox 177 483 1134 1838">
    <p class='ocr_par' dir='ltr' id='par_1_2' title="bbox 178 483 1134 1085">
     <span class='ocr_line' id='line_1_2' title="bbox 178 483 1044 588; baseline -0.001 -28"><span class='ocrx_word' id='word_1_2' title='bbox 178 483 361 562; x_wconf 79' lang='grc' dir='ltr'><strong><em>ισσοῑόὺν</em></strong></span> <span class='ocrx_word' id='word_1_3' title='bbox 386 485 432 560; x_wconf 81' lang='grc' dir='ltr'><em>ὑέ</em></span> <span class='ocrx_word' id='word_1_4' title='bbox 453 511 515 561; x_wconf 94' lang='grc' dir='ltr'><strong>νιν</strong></span> <span class='ocrx_word' id='word_1_5' title='bbox 540 483 728 585; x_wconf 75' lang='grc' dir='ltr'><strong><em>παρόντας</em></strong></span> <span class='ocrx_word' id='word_1_6' title='bbox 748 486 900 586; x_wconf 75' lang='grc' dir='ltr'><strong><em>Ἀτρέως</em></strong></span> <span class='ocrx_word' id='word_1_7' title='bbox 924 483 1044 588; x_wconf 83' lang='grc' dir='ltr'><strong><em>γόνος,</em></strong></span> 
     </span>
     <span class='ocr_line' id='line_1_3' title="bbox 266 606 1134 710; baseline -0.001 -26"><span class='ocrx_word' id='word_1_8' title='bbox 266 615 452 708; x_wconf 85' lang='grc' dir='ltr'><strong><em>προςεῖπε,</em></strong></span> <span class='ocrx_word' id='word_1_9' title='bbox 482 606 609 686; x_wconf 84' lang='grc' dir='ltr'><strong><em>ὑόλισν</em></strong></span> <span class='ocrx_word' id='word_1_10' title='bbox 634 609 758 688; x_wconf 84' lang='grc' dir='ltr'><strong><em>σίκτον</em></strong></span> <span class='ocrx_word' id='word_1_11' title='bbox 778 617 828 695; x_wconf 75' lang='lat' dir='ltr'><strong>ele</strong></span> <span class='ocrx_word' id='word_1_12' title='bbox 852 610 970 709; x_wconf 81' lang='grc' dir='ltr'><strong><em>μέσον</em></strong></span> <span class='ocrx_word' id='word_1_13' title='bbox 995 609 1134 710; x_wconf 82' lang='grc' dir='ltr'><strong><em>φόρων,</em></strong></span> 
     </span>
     <span class='ocr_line' id='line_1_4' title="bbox 266 730 1047 832; baseline 0 -23"><span class='ocrx_word' id='word_1_14' title='bbox 266 731 298 809; x_wconf 80' lang='grc' dir='ltr'><em>ὦ</em></span> <span class='ocrx_word' id='word_1_15' title='bbox 322 730 516 832; x_wconf 77' lang='grc' dir='ltr'><strong><em>τλήμονες,</em></strong></span> <span class='ocrx_word' id='word_1_16' title='bbox 552 742 630 818; x_wconf 80' lang='grc' dir='ltr'><strong><em>πῶς</em></strong></span> <span class='ocrx_word' id='word_1_17' title='bbox 654 737 695 810; x_wconf 76' lang='grc' dir='ltr'><strong>ἐκ</strong></span> <span class='ocrx_word' id='word_1_18' title='bbox 719 735 819 821; x_wconf 81' lang='grc' dir='ltr'><strong><em>τίνος</em></strong></span> <span class='ocrx_word' id='word_1_19' title='bbox 843 732 936 819; x_wconf 85' lang='grc' dir='ltr'><strong><em>νεοίς</em></strong></span> <span class='ocrx_word' id='word_1_20' title='bbox 960 763 1047 810; x_wconf 88' lang='grc' dir='ltr'><strong><em>ποτε</em></strong></span> 
     </span>
     <span class='ocr_line' id='line_1_5' title="bbox 260 855 1008 961; baseline 0.001 -28"><span class='ocrx_word' id='word_1_21' title='bbox 260 858 430 955; x_wconf 78' lang='grc' dir='ltr'><strong><em>Ἆχαίὺος</em></strong></span> <span class='ocrx_word' id='word_1_22' title='bbox 453 855 691 959; x_wconf 80' lang='grc' dir='ltr'><strong><em>θραύσαντες</em></strong></span> <span class='ocrx_word' id='word_1_23' title='bbox 717 863 821 958; x_wconf 79' lang='grc' dir='ltr'><strong><em>ἥκετε</em></strong></span> <span class='ocrx_word' id='word_1_24' title='bbox 847 858 1008 961; x_wconf 77' lang='grc' dir='ltr'><strong><em>σκοίψοςς</em></strong></span> 
     </span>
     <span class='ocr_line' id='line_1_6' title="bbox 268 980 1107 1085; baseline 0.001 -28"><span class='ocrx_word' id='word_1_25' title='bbox 268 980 325 1083; x_wconf 74' lang='grc' dir='ltr'><strong>ἆρ’</strong></span> <span class='ocrx_word' id='word_1_26' title='bbox 347 982 500 1082; x_wconf 77' lang='grc' dir='ltr'><strong><em>Ἀτρέως</em></strong></span> <span class='ocrx_word' id='word_1_27' title='bbox 524 984 632 1061; x_wconf 76' lang='grc' dir='ltr'><strong><em>παῖδ’</em></strong></span> <span class='ocrx_word' id='word_1_28' title='bbox 660 987 837 1085; x_wconf 79' lang='grc' dir='ltr'><em>ὀλόμενον</em></span> <span class='ocrx_word' id='word_1_29' title='bbox 863 983 1107 1071; x_wconf 78' lang='grc' dir='ltr'><strong><em>συνθάπτετε,</em></strong></span> 
     </span>
    </p>

    <p class='ocr_par' dir='ltr' id='par_1_3' title="bbox 177 1108 1133 1463">
     <span class='ocr_line' id='line_1_7' title="bbox 177 1108 1133 1208; baseline 0.001 -28"><span class='ocrx_word' id='word_1_30' title='bbox 177 1122 258 1182; x_wconf 85' lang='grc'><strong>1666</strong></span> <span class='ocrx_word' id='word_1_31' title='bbox 267 1110 313 1184; x_wconf 85' lang='grc' dir='ltr'><strong><em>ὃν</em></strong></span> <span class='ocrx_word' id='word_1_32' title='bbox 340 1108 526 1208; x_wconf 76' lang='grc' dir='ltr'><strong><em>Τυνδαρὶς</em></strong></span> <span class='ocrx_word' id='word_1_33' title='bbox 548 1117 634 1194; x_wconf 84' lang='grc' dir='ltr'><strong><em>παῖς</em></strong></span> <span class='ocrx_word' id='word_1_34' title='bbox 657 1112 719 1207; x_wconf 78' lang='lat' dir='ltr'><strong>ip‘d&#39;</strong></span> <span class='ocrx_word' id='word_1_35' title='bbox 747 1109 892 1189; x_wconf 78' lang='grc' dir='ltr'><strong><em>ἀπόντα</em></strong></span> <span class='ocrx_word' id='word_1_36' title='bbox 916 1115 1133 1208; x_wconf 85' lang='grc' dir='ltr'><strong><em>νενοταφεῖ;</em></strong></span> 
     </span>
     <span class='ocr_line' id='line_1_8' title="bbox 266 1231 1128 1338; baseline -0.003 -28"><span class='ocrx_word' id='word_1_37' title='bbox 266 1235 302 1310; x_wconf 80' lang='grc' dir='ltr'><strong><em>οἳ</em></strong></span> <span class='ocrx_word' id='word_1_38' title='bbox 327 1233 379 1323; x_wconf 86' lang='lat' dir='ltr'><strong>d&#39;,</strong></span> <span class='ocrx_word' id='word_1_39' title='bbox 406 1236 626 1333; x_wconf 75' lang='grc' dir='ltr'><strong><em>ἐκβαλόντες</em></strong></span> <span class='ocrx_word' id='word_1_40' title='bbox 650 1233 799 1338; x_wconf 83' lang='grc' dir='ltr'><strong><em>ὑσίκρυα</em></strong></span> <span class='ocrx_word' id='word_1_41' title='bbox 825 1244 964 1338; x_wconf 78' lang='grc' dir='ltr'><strong><em>ποιητῷ</em></strong></span> <span class='ocrx_word' id='word_1_42' title='bbox 988 1231 1128 1333; x_wconf 85' lang='grc' dir='ltr'><strong><em>τρόπῳ,</em></strong></span> 
     </span>
     <span class='ocr_line' id='line_1_9' title="bbox 265 1356 1109 1463; baseline -0.002 -28"><span class='ocrx_word' id='word_1_43' title='bbox 265 1365 316 1444; x_wconf 80' lang='grc' dir='ltr'><strong>είς</strong></span> <span class='ocrx_word' id='word_1_44' title='bbox 339 1365 439 1435; x_wconf 83' lang='grc' dir='ltr'><strong><em>ναῦν</em></strong></span> <span class='ocrx_word' id='word_1_45' title='bbox 462 1356 629 1458; x_wconf 77' lang='grc' dir='ltr'><strong><em>ἐχώρουν</em></strong></span> <span class='ocrx_word' id='word_1_46' title='bbox 635 1416 647 1450; x_wconf 91' lang='grc'><strong><em>,</em></strong></span> <span class='ocrx_word' id='word_1_47' title='bbox 680 1363 855 1463; x_wconf 83' lang='grc' dir='ltr'><strong><em>Μενέλεῳ</em></strong></span> <span class='ocrx_word' id='word_1_48' title='bbox 875 1359 1109 1458; x_wconf 83' lang='grc' dir='ltr'><strong><em>ποντίσματα</em></strong></span> 
     </span>
    </p>

    <p class='ocr_par' dir='ltr' id='par_1_4' title="bbox 222 1483 1075 1587">
     <span class='ocr_line' id='line_1_10' title="bbox 222 1483 1075 1587; baseline 0.001 -30"><span class='ocrx_word' id='word_1_49' title='bbox 222 1488 224 1492; x_wconf 75' lang='grc'>’</span> <span class='ocrx_word' id='word_1_50' title='bbox 266 1483 450 1586; x_wconf 78' lang='grc' dir='ltr'><strong><em>φέροντες.</em></strong></span> <span class='ocrx_word' id='word_1_51' title='bbox 494 1485 586 1583; x_wconf 82' lang='grc' dir='ltr'><strong><em>ἡμῖν</em></strong></span> <span class='ocrx_word' id='word_1_52' title='bbox 609 1486 649 1564; x_wconf 85' lang='lat' dir='ltr'><strong>d&#39;</strong></span> <span class='ocrx_word' id='word_1_53' title='bbox 671 1486 719 1584; x_wconf 78' lang='grc' dir='ltr'><strong><em>ἦν</em></strong></span> <span class='ocrx_word' id='word_1_54' title='bbox 741 1486 813 1587; x_wconf 76' lang='grc' dir='ltr'><strong><em>μὲν</em></strong></span> <span class='ocrx_word' id='word_1_55' title='bbox 837 1486 902 1582; x_wconf 74' lang='grc' dir='ltr'><strong>ἥδ’</strong></span> <span class='ocrx_word' id='word_1_56' title='bbox 928 1483 1075 1584; x_wconf 84' lang='grc' dir='ltr'><strong><em>ὑποψία</em></strong></span> 
     </span>
    </p>

    <p class='ocr_par' dir='ltr' id='par_1_5' title="bbox 266 1606 1076 1713">
     <span class='ocr_line' id='line_1_11' title="bbox 266 1606 1076 1713; baseline -0.001 -26"><span class='ocrx_word' id='word_1_57' title='bbox 266 1606 373 1713; x_wconf 84' lang='grc' dir='ltr'><strong><em>λόγος</em></strong></span> <span class='ocrx_word' id='word_1_58' title='bbox 396 1609 434 1683; x_wconf 75' lang='grc' dir='ltr'><strong>τ’</strong></span> <span class='ocrx_word' id='word_1_59' title='bbox 458 1611 498 1685; x_wconf 82' lang='grc' dir='ltr'><strong><em>ἐν</em></strong></span> <span class='ocrx_word' id='word_1_60' title='bbox 518 1610 702 1708; x_wconf 80' lang='grc' dir='ltr'><strong><em>ἀλλήλοισι</em></strong></span> <span class='ocrx_word' id='word_1_61' title='bbox 708 1668 721 1702; x_wconf 93' lang='grc'><strong><em>,</em></strong></span> <span class='ocrx_word' id='word_1_62' title='bbox 747 1621 825 1690; x_wconf 84' lang='grc' dir='ltr'><strong><em>τῶν</em></strong></span> <span class='ocrx_word' id='word_1_63' title='bbox 850 1611 1076 1710; x_wconf 79' lang='grc' dir='ltr'><strong><em>ἐπειςβατῶν</em></strong></span> 
     </span>
    </p>

    <p class='ocr_par' dir='ltr' id='par_1_6' title="bbox 177 1734 1086 1838">
     <span class='ocr_line' id='line_1_12' title="bbox 177 1734 1086 1838; baseline 0.021 -34"><span class='ocrx_word' id='word_1_64' title='bbox 177 1734 319 1818; x_wconf 72' lang='grc' dir='ltr'><strong><em>ιονυιὺς</em></strong></span> <span class='ocrx_word' id='word_1_65' title='bbox 342 1736 486 1830; x_wconf 76' lang='grc' dir='ltr'><strong><em>πλῆθος</em></strong></span> <span class='ocrx_word' id='word_1_66' title='bbox 510 1740 583 1834; x_wconf 83' lang='grc' dir='ltr'><strong><em>εἴη·</em></strong></span> <span class='ocrx_word' id='word_1_67' title='bbox 623 1737 878 1838; x_wconf 80' lang='grc' dir='ltr'><strong><em>διεσιωπῶμεν</em></strong></span> <span class='ocrx_word' id='word_1_68' title='bbox 903 1737 945 1814; x_wconf 81' lang='lat' dir='ltr'><strong>d&#39;</strong></span> <span class='ocrx_word' id='word_1_69' title='bbox 973 1736 1086 1834; x_wconf 70' lang='lat' dir='ltr'><strong>dutus&gt;</strong></span> 
     </span>
    </p>
   </div>
   <div class='ocr_carea' id='block_1_3' title="bbox 349 1975 833 2167">
    <p class='ocr_par' dir='ltr' id='par_1_7' title="bbox 349 1975 833 2167">
     <span class='ocr_line' id='line_1_13' title="bbox 352 1975 772 2061; baseline 0.005 -22"><span class='ocrx_word' id='word_1_70' title='bbox 352 1979 445 2039; x_wconf 89' lang='grc'><strong>1661.</strong></span> <span class='ocrx_word' id='word_1_71' title='bbox 489 1977 571 2038; x_wconf 86' lang='lat' dir='ltr'><strong>Flor.</strong></span> <span class='ocrx_word' id='word_1_72' title='bbox 592 1990 619 2041; x_wconf 94' lang='lat'><strong>1.</strong></span> <span class='ocrx_word' id='word_1_73' title='bbox 641 1975 772 2061; x_wconf 75' lang='grc' dir='ltr'><strong><em>οἰκτρόν.</em></strong></span> 
     </span>
     <span class='ocr_line' id='line_1_14' title="bbox 349 2082 833 2167; baseline 0.012 -21"><span class='ocrx_word' id='word_1_74' title='bbox 349 2088 443 2148; x_wconf 78' lang='grc'><strong>1663.</strong></span> <span class='ocrx_word' id='word_1_75' title='bbox 488 2082 564 2145; x_wconf 81' lang='lat' dir='ltr'><strong>Edd.</strong></span> <span class='ocrx_word' id='word_1_76' title='bbox 587 2097 657 2152; x_wconf 85' lang='lat' dir='ltr'><strong>vett.</strong></span> <span class='ocrx_word' id='word_1_77' title='bbox 678 2083 833 2167; x_wconf 77' lang='grc' dir='ltr'><strong><em>Ἀχαιΐδος.</em></strong></span> 
     </span>
    </p>
   </div>
   <div class='ocr_carea' id='block_1_4' title="bbox 266 2187 1374 2860">
    <p class='ocr_par' dir='ltr' id='par_1_8' title="bbox 266 2187 1374 2860">
     <span class='ocr_line' id='line_1_15' title="bbox 350 2187 1373 2278; baseline 0 -24"><span class='ocrx_word' id='word_1_78' title='bbox 350 2197 444 2257; x_wconf 82' lang='grc'><strong>1664.</strong></span> <span class='ocrx_word' id='word_1_79' title='bbox 489 2191 566 2256; x_wconf 79' lang='lat' dir='ltr'><strong>ude.</strong></span> <span class='ocrx_word' id='word_1_80' title='bbox 590 2206 660 2256; x_wconf 83' lang='lat' dir='ltr'><strong>uett.</strong></span> <span class='ocrx_word' id='word_1_81' title='bbox 685 2195 766 2258; x_wconf 86' lang='lat' dir='ltr'><strong>Flor.</strong></span> <span class='ocrx_word' id='word_1_82' title='bbox 784 2206 813 2258; x_wconf 88' lang='lat'><strong>1.</strong></span> <span class='ocrx_word' id='word_1_83' title='bbox 830 2206 862 2258; x_wconf 82' lang='lat'><strong>2.</strong></span> <span class='ocrx_word' id='word_1_84' title='bbox 887 2187 935 2276; x_wconf 75' lang='grc' dir='ltr'><strong>ἆρ’</strong></span> <span class='ocrx_word' id='word_1_85' title='bbox 956 2189 1082 2278; x_wconf 77' lang='grc' dir='ltr'><strong><em>Ἀτρέας</em></strong></span> <span class='ocrx_word' id='word_1_86' title='bbox 1102 2190 1183 2255; x_wconf 79' lang='grc' dir='ltr'><strong><em>παῖδ’</em></strong></span> <span class='ocrx_word' id='word_1_87' title='bbox 1207 2189 1373 2272; x_wconf 85' lang='grc' dir='ltr'><strong><em>όλοὺμενον</em></strong></span> 
     </span>
     <span class='ocr_line' id='line_1_16' title="bbox 266 2274 1373 2360; baseline 0 -22"><span class='ocrx_word' id='word_1_88' title='bbox 266 2275 463 2341; x_wconf 77' lang='grc' dir='ltr'><strong><em>συνθάπτετε.</em></strong></span> <span class='ocrx_word' id='word_1_89' title='bbox 507 2277 685 2360; x_wconf 75' lang='lat' dir='ltr'><strong>Stephanus,</strong></span> <span class='ocrx_word' id='word_1_90' title='bbox 718 2291 750 2340; x_wconf 90' lang='lat' dir='ltr'><strong>ut</strong></span> <span class='ocrx_word' id='word_1_91' title='bbox 770 2300 807 2340; x_wconf 79' lang='lat' dir='ltr'><strong>cx</strong></span> <span class='ocrx_word' id='word_1_92' title='bbox 827 2279 904 2343; x_wconf 85' lang='lat' dir='ltr'><strong>Mss.</strong></span> <span class='ocrx_word' id='word_1_93' title='bbox 927 2281 1006 2354; x_wconf 88' lang='lat' dir='ltr'><strong>suis,</strong></span> <span class='ocrx_word' id='word_1_94' title='bbox 1038 2274 1203 2357; x_wconf 84' lang='grc' dir='ltr'><strong><em>όλόμενον,</em></strong></span> <span class='ocrx_word' id='word_1_95' title='bbox 1232 2275 1305 2358; x_wconf 87' lang='lat' dir='ltr'><strong>quod</strong></span> <span class='ocrx_word' id='word_1_96' title='bbox 1326 2296 1373 2338; x_wconf 90' lang='lat' dir='ltr'><strong>re-</strong></span> 
     </span>
     <span class='ocr_line' id='line_1_17' title="bbox 266 2359 1373 2444; baseline 0.002 -24"><span class='ocrx_word' id='word_1_97' title='bbox 266 2361 362 2441; x_wconf 80' lang='lat' dir='ltr'><strong>posuit</strong></span> <span class='ocrx_word' id='word_1_98' title='bbox 382 2359 535 2422; x_wconf 84' lang='lat' dir='ltr'><strong>Canterus.</strong></span> <span class='ocrx_word' id='word_1_99' title='bbox 588 2359 786 2426; x_wconf 82' lang='grc' dir='ltr'><strong><em>Σανθοίπτετε</em></strong></span> <span class='ocrx_word' id='word_1_100' title='bbox 806 2362 990 2443; x_wconf 83' lang='lat' dir='ltr'><strong>Musgrauius</strong></span> <span class='ocrx_word' id='word_1_101' title='bbox 1012 2363 1161 2444; x_wconf 75' lang='lat' dir='ltr'><strong>eleganter</strong></span> <span class='ocrx_word' id='word_1_102' title='bbox 1181 2383 1233 2442; x_wconf 92' lang='lat' dir='ltr'><strong>pro</strong></span> <span class='ocrx_word' id='word_1_103' title='bbox 1259 2360 1373 2426; x_wconf 81' lang='grc' dir='ltr'><strong><em>συνθά-</em></strong></span> 
     </span>
     <span class='ocr_line' id='line_1_18' title="bbox 266 2441 1370 2526; baseline 0 -22"><span class='ocrx_word' id='word_1_104' title='bbox 266 2460 341 2516; x_wconf 85' lang='grc' dir='ltr'><strong><em>ψετε</em></strong></span> <span class='ocrx_word' id='word_1_105' title='bbox 363 2441 468 2506; x_wconf 88' lang='lat' dir='ltr'><strong>dictum</strong></span> <span class='ocrx_word' id='word_1_106' title='bbox 498 2445 643 2508; x_wconf 88' lang='lat' dir='ltr'><strong>iudicavit.</strong></span> <span class='ocrx_word' id='word_1_107' title='bbox 687 2447 862 2510; x_wconf 87' lang='lat' dir='ltr'><strong>Necessario</strong></span> <span class='ocrx_word' id='word_1_108' title='bbox 890 2447 936 2508; x_wconf 88' lang='lat' dir='ltr'><strong>hie</strong></span> <span class='ocrx_word' id='word_1_109' title='bbox 963 2457 1114 2526; x_wconf 77' lang='lat' dir='ltr'><strong>praesente</strong></span> <span class='ocrx_word' id='word_1_110' title='bbox 1142 2445 1274 2505; x_wconf 89' lang='lat' dir='ltr'><strong>utendum</strong></span> <span class='ocrx_word' id='word_1_111' title='bbox 1296 2457 1370 2505; x_wconf 86' lang='lat' dir='ltr'><strong>eret.</strong></span> 
     </span>
     <span class='ocr_line' id='line_1_19' title="bbox 266 2527 1372 2609; baseline 0 -21"><span class='ocrx_word' id='word_1_112' title='bbox 266 2527 333 2590; x_wconf 88' lang='lat' dir='ltr'><strong>Non</strong></span> <span class='ocrx_word' id='word_1_113' title='bbox 357 2530 432 2604; x_wconf 86' lang='lat' dir='ltr'><strong>enim</strong></span> <span class='ocrx_word' id='word_1_114' title='bbox 453 2531 565 2609; x_wconf 87' lang='lat' dir='ltr'><strong>quaerit</strong></span> <span class='ocrx_word' id='word_1_115' title='bbox 583 2529 734 2594; x_wconf 80' lang='lat' dir='ltr'><strong>Menelaus</strong></span> <span class='ocrx_word' id='word_1_116' title='bbox 757 2534 880 2595; x_wconf 87' lang='lat' dir='ltr'><strong>velintne</strong></span> <span class='ocrx_word' id='word_1_117' title='bbox 907 2551 1004 2592; x_wconf 88' lang='lat' dir='ltr'><strong>secum</strong></span> <span class='ocrx_word' id='word_1_118' title='bbox 1034 2531 1107 2588; x_wconf 83' lang='lat' dir='ltr'><strong>iusta</strong></span> <span class='ocrx_word' id='word_1_119' title='bbox 1129 2529 1226 2588; x_wconf 78' lang='lat' dir='ltr'><strong>faeere</strong></span> <span class='ocrx_word' id='word_1_120' title='bbox 1251 2540 1372 2600; x_wconf 89' lang='lat' dir='ltr'><strong>mortuo,</strong></span> 
     </span>
     <span class='ocr_line' id='line_1_20' title="bbox 266 2609 1374 2694; baseline 0 -22"><span class='ocrx_word' id='word_1_121' title='bbox 266 2632 321 2672; x_wconf 89' lang='lat' dir='ltr'><strong>nee</strong></span> <span class='ocrx_word' id='word_1_122' title='bbox 343 2612 421 2675; x_wconf 82' lang='lat' dir='ltr'><strong>iubet</strong></span> <span class='ocrx_word' id='word_1_123' title='bbox 442 2632 492 2673; x_wconf 88' lang='lat' dir='ltr'><strong>eos</strong></span> <span class='ocrx_word' id='word_1_124' title='bbox 515 2611 543 2674; x_wconf 92' lang='lat' dir='ltr'><strong>id</strong></span> <span class='ocrx_word' id='word_1_125' title='bbox 566 2615 681 2678; x_wconf 83' lang='lat' dir='ltr'><strong>iecere:</strong></span> <span class='ocrx_word' id='word_1_126' title='bbox 718 2615 784 2689; x_wconf 85' lang='lat' dir='ltr'><strong>sed,</strong></span> <span class='ocrx_word' id='word_1_127' title='bbox 812 2615 890 2694; x_wconf 85' lang='lat' dir='ltr'><strong>quasi</strong></span> <span class='ocrx_word' id='word_1_128' title='bbox 920 2611 1019 2674; x_wconf 87' lang='lat' dir='ltr'><strong>credat</strong></span> <span class='ocrx_word' id='word_1_129' title='bbox 1041 2632 1090 2670; x_wconf 90' lang='lat' dir='ltr'><strong>eos</strong></span> <span class='ocrx_word' id='word_1_130' title='bbox 1111 2610 1285 2691; x_wconf 89' lang='lat' dir='ltr'><strong>comperisse</strong></span> <span class='ocrx_word' id='word_1_131' title='bbox 1306 2609 1374 2691; x_wconf 88' lang='lat' dir='ltr'><strong>quid</strong></span> 
     </span>
     <span class='ocr_line' id='line_1_21' title="bbox 266 2691 1374 2778; baseline 0.003 -23"><span class='ocrx_word' id='word_1_132' title='bbox 266 2706 387 2774; x_wconf 83' lang='lat' dir='ltr'><strong>agatur,</strong></span> <span class='ocrx_word' id='word_1_133' title='bbox 416 2697 542 2776; x_wconf 77' lang='lat' dir='ltr'><strong>quaerite</strong></span> <span class='ocrx_word' id='word_1_134' title='bbox 578 2719 635 2778; x_wconf 87' lang='lat' dir='ltr'><strong>quo</strong></span> <span class='ocrx_word' id='word_1_135' title='bbox 657 2702 728 2760; x_wconf 83' lang='lat' dir='ltr'><strong>neci</strong></span> <span class='ocrx_word' id='word_1_136' title='bbox 753 2693 905 2777; x_wconf 82' lang='lat' dir='ltr'><strong>consroeto</strong></span> <span class='ocrx_word' id='word_1_137' title='bbox 933 2698 991 2757; x_wconf 89' lang='grc' dir='ltr'><strong><em>Ιιαο</em></strong></span> <span class='ocrx_word' id='word_1_138' title='bbox 1017 2691 1152 2754; x_wconf 67' lang='lat' dir='ltr'><strong>ventites?</strong></span> <span class='ocrx_word' id='word_1_139' title='bbox 1185 2713 1251 2754; x_wconf 85' lang='lat' dir='ltr'><strong>num</strong></span> <span class='ocrx_word' id='word_1_140' title='bbox 1274 2697 1374 2758; x_wconf 80' lang='lat' dir='ltr'><strong>Meae·</strong></span> 
     </span>
     <span class='ocr_line' id='line_1_22' title="bbox 266 2778 905 2860; baseline -0.006 -20"><span class='ocrx_word' id='word_1_141' title='bbox 266 2781 342 2842; x_wconf 82' lang='lat' dir='ltr'><strong>luam</strong></span> <span class='ocrx_word' id='word_1_142' title='bbox 362 2782 562 2860; x_wconf 68' lang='lat' dir='ltr'><strong>sepelientibus</strong></span> <span class='ocrx_word' id='word_1_143' title='bbox 581 2784 664 2842; x_wconf 80' lang='grc' dir='ltr'><strong><em>ποόίι</em></strong></span> <span class='ocrx_word' id='word_1_144' title='bbox 685 2785 791 2842; x_wconf 73' lang='lat' dir='ltr'><strong>oderisi</strong></span> <span class='ocrx_word' id='word_1_145' title='bbox 809 2778 905 2840; x_wconf 81' lang='lat' dir='ltr'><strong>socii?</strong></span> 
     </span>
    </p>
   </div>
   <div class='ocr_carea' id='block_1_5' title="bbox 266 2882 1484 3048">
    <p class='ocr_par' dir='ltr' id='par_1_9' title="bbox 266 2882 1484 3048">
     <span class='ocr_line' id='line_1_23' title="bbox 351 2882 1484 2966; baseline 0.003 -19"><span class='ocrx_word' id='word_1_146' title='bbox 351 2891 443 2949; x_wconf 88' lang='grc'><strong>1666.</strong></span> <span class='ocrx_word' id='word_1_147' title='bbox 487 2884 565 2948; x_wconf 87' lang='lat' dir='ltr'><strong>Edd.</strong></span> <span class='ocrx_word' id='word_1_148' title='bbox 593 2888 803 2948; x_wconf 84' lang='lat' dir='ltr'><strong>vetustissimae</strong></span> <span class='ocrx_word' id='word_1_149' title='bbox 831 2884 952 2946; x_wconf 78' lang='grc' dir='ltr'><strong><em>όνοντα.</em></strong></span> <span class='ocrx_word' id='word_1_150' title='bbox 986 2882 1079 2944; x_wconf 78' lang='lat' dir='ltr'><strong>Heru-</strong></span> <span class='ocrx_word' id='word_1_151' title='bbox 1100 2893 1132 2944; x_wconf 84' lang='lat'><strong>2.</strong></span> <span class='ocrx_word' id='word_1_152' title='bbox 1168 2883 1253 2944; x_wconf 81' lang='lat' dir='ltr'><strong>Cant.</strong></span> <span class='ocrx_word' id='word_1_153' title='bbox 1286 2905 1374 2966; x_wconf 79' lang='lat' dir='ltr'><strong>preve</strong></span> <span class='ocrx_word' id='word_1_154' title='bbox 1483 2903 1484 2910; x_wconf 75' lang='grc'>’</span> 
     </span>
     <span class='ocr_line' id='line_1_24' title="bbox 266 2965 1303 3048; baseline 0.002 -20"><span class='ocrx_word' id='word_1_155' title='bbox 266 2979 385 3029; x_wconf 81' lang='lat' dir='ltr'><strong>accentu</strong></span> <span class='ocrx_word' id='word_1_156' title='bbox 407 2968 534 3031; x_wconf 75' lang='grc' dir='ltr'><strong><em>ἅπαντα.</em></strong></span> <span class='ocrx_word' id='word_1_157' title='bbox 576 2969 745 3042; x_wconf 88' lang='lat' dir='ltr'><strong>Brodaeus,</strong></span> <span class='ocrx_word' id='word_1_158' title='bbox 773 2968 948 3048; x_wconf 73' lang='lat' dir='ltr'><strong>Stephanus,</strong></span> <span class='ocrx_word' id='word_1_159' title='bbox 971 2965 1052 3028; x_wconf 78' lang='lat' dir='ltr'><strong>Flet.</strong></span> <span class='ocrx_word' id='word_1_160' title='bbox 1071 2976 1101 3030; x_wconf 88' lang='lat'><strong>1.</strong></span> <span class='ocrx_word' id='word_1_161' title='bbox 1118 2979 1151 3031; x_wconf 84' lang='lat'><strong>2.</strong></span> <span class='ocrx_word' id='word_1_162' title='bbox 1175 2965 1303 3032; x_wconf 81' lang='grc' dir='ltr'><strong><em>ὑπόντα.</em></strong></span> 
     </span>
    </p>
   </div>
   <div class='ocr_carea' id='block_1_6' title="bbox 353 3071 753 3140">
    <p class='ocr_par' dir='ltr' id='par_1_10' title="bbox 353 3071 753 3140">
     <span class='ocr_line' id='line_1_25' title="bbox 353 3071 753 3140; baseline 0.003 -3"><span class='ocrx_word' id='word_1_163' title='bbox 353 3079 445 3140; x_wconf 90' lang='grc'><strong>1666.</strong></span> <span class='ocrx_word' id='word_1_164' title='bbox 490 3071 568 3138; x_wconf 81' lang='lat' dir='ltr'><strong>Edd.</strong></span> <span class='ocrx_word' id='word_1_165' title='bbox 592 3088 661 3139; x_wconf 78' lang='lat' dir='ltr'><strong>vett.</strong></span> <span class='ocrx_word' id='word_1_166' title='bbox 686 3073 753 3138; x_wconf 76' lang='grc' dir='ltr'><strong><em>οἵδ’.</em></strong></span> 
     </span>
    </p>
   </div>
   <div class='ocr_carea' id='block_1_7' title="bbox 268 3180 1484 4212">
    <p class='ocr_par' dir='ltr' id='par_1_11' title="bbox 268 3180 1375 3367">
     <span class='ocr_line' id='line_1_26' title="bbox 353 3180 1375 3266; baseline 0 -18"><span class='ocrx_word' id='word_1_167' title='bbox 353 3190 446 3250; x_wconf 84' lang='grc'><strong>1667.</strong></span> <span class='ocrx_word' id='word_1_168' title='bbox 489 3184 567 3246; x_wconf 83' lang='lat' dir='ltr'><strong>Ante</strong></span> <span class='ocrx_word' id='word_1_169' title='bbox 595 3185 764 3246; x_wconf 87' lang='lat' dir='ltr'><strong>Barnesium</strong></span> <span class='ocrx_word' id='word_1_170' title='bbox 786 3182 954 3264; x_wconf 75' lang='lat' dir='ltr'><strong>legebatur-z</strong></span> <span class='ocrx_word' id='word_1_171' title='bbox 992 3181 1036 3258; x_wconf 82' lang='grc' dir='ltr'><strong>εἰς</strong></span> <span class='ocrx_word' id='word_1_172' title='bbox 1055 3187 1133 3248; x_wconf 79' lang='grc' dir='ltr'><strong><em>ναῦν</em></strong></span> <span class='ocrx_word' id='word_1_173' title='bbox 1154 3180 1287 3266; x_wconf 77' lang='grc' dir='ltr'><strong><em>ἐχώρουν</em></strong></span> <span class='ocrx_word' id='word_1_174' title='bbox 1309 3187 1375 3248; x_wconf 88' lang='grc' dir='ltr'><strong>Με-</strong></span> 
     </span>
     <span class='ocr_line' id='line_1_27' title="bbox 268 3267 1343 3367; baseline -0.007 -35"><span class='ocrx_word' id='word_1_175' title='bbox 268 3267 379 3347; x_wconf 71' lang='lat' dir='ltr'><strong>uitem,</strong></span> <span class='ocrx_word' id='word_1_176' title='bbox 399 3271 585 3348; x_wconf 80' lang='grc' dir='ltr'><strong><em>ποντίσματα</em></strong></span> <span class='ocrx_word' id='word_1_177' title='bbox 606 3269 757 3349; x_wconf 80' lang='grc' dir='ltr'><strong><em>φέροντες.</em></strong></span> <span class='ocrx_word' id='word_1_178' title='bbox 1322 3329 1343 3367; x_wconf 35' lang='grc' dir='ltr'><strong>Β,</strong></span> 
     </span>
    </p>

    <p class='ocr_par' dir='ltr' id='par_1_12' title="bbox 268 3367 1484 4212">
     <span class='ocr_line' id='line_1_28' title="bbox 353 3367 1376 3460; baseline 0 -20"><span class='ocrx_word' id='word_1_179' title='bbox 353 3382 446 3442; x_wconf 87' lang='grc'><strong>1668.</strong></span> <span class='ocrx_word' id='word_1_180' title='bbox 490 3376 593 3438; x_wconf 78' lang='lat' dir='ltr'><strong>Libri:</strong></span> <span class='ocrx_word' id='word_1_181' title='bbox 615 3373 690 3456; x_wconf 77' lang='grc' dir='ltr'><strong><em>ἡμῖν</em></strong></span> <span class='ocrx_word' id='word_1_182' title='bbox 711 3373 736 3440; x_wconf 83' lang='lat' dir='ltr'><strong>d’</strong></span> <span class='ocrx_word' id='word_1_183' title='bbox 750 3367 790 3455; x_wconf 77' lang='grc' dir='ltr'><strong><em>ἦν</em></strong></span> <span class='ocrx_word' id='word_1_184' title='bbox 804 3373 859 3456; x_wconf 73' lang='grc' dir='ltr'><strong><em>μὲν</em></strong></span> <span class='ocrx_word' id='word_1_185' title='bbox 873 3371 922 3455; x_wconf 76' lang='lat' dir='ltr'><strong>ip&#39;d&#39;</strong></span> <span class='ocrx_word' id='word_1_186' title='bbox 936 3373 1070 3452; x_wconf 84' lang='grc' dir='ltr'><strong><em>ὑποψία,</em></strong></span> <span class='ocrx_word' id='word_1_187' title='bbox 1090 3374 1179 3460; x_wconf 89' lang='grc' dir='ltr'><strong><em>λόγος</em></strong></span> <span class='ocrx_word' id='word_1_188' title='bbox 1198 3373 1224 3438; x_wconf 87' lang='lat' dir='ltr'><strong>d’</strong></span> <span class='ocrx_word' id='word_1_189' title='bbox 1237 3376 1269 3439; x_wconf 80' lang='grc' dir='ltr'><strong><em>ἐν</em></strong></span> <span class='ocrx_word' id='word_1_190' title='bbox 1286 3373 1376 3456; x_wconf 62' lang='lat' dir='ltr'><strong>detd-</strong></span> 
     </span>
     <span class='ocr_line' id='line_1_29' title="bbox 269 3457 1376 3542; baseline -0.002 -19"><span class='ocrx_word' id='word_1_191' title='bbox 269 3466 363 3536; x_wconf 86' lang='grc' dir='ltr'><strong><em>λοισι,</em></strong></span> <span class='ocrx_word' id='word_1_192' title='bbox 384 3467 445 3523; x_wconf 76' lang='grc' dir='ltr'><strong><em>πᾶν</em></strong></span> <span class='ocrx_word' id='word_1_193' title='bbox 466 3459 648 3542; x_wconf 66' lang='lat' dir='ltr'><strong>incorporeis</strong></span> <span class='ocrx_word' id='word_1_194' title='bbox 674 3457 715 3535; x_wconf 84' lang='grc' dir='ltr'><strong>ὑς</strong></span> <span class='ocrx_word' id='word_1_195' title='bbox 735 3463 857 3535; x_wconf 81' lang='grc' dir='ltr'><strong><em>πλ”θος</em></strong></span> <span class='ocrx_word' id='word_1_196' title='bbox 879 3459 935 3540; x_wconf 77' lang='grc' dir='ltr'><strong>εἴη.</strong></span> <span class='ocrx_word' id='word_1_197' title='bbox 979 3461 1131 3534; x_wconf 80' lang='lat' dir='ltr'><strong>Heatluius,</strong></span> <span class='ocrx_word' id='word_1_198' title='bbox 1152 3480 1206 3521; x_wconf 90' lang='lat' dir='ltr'><strong>non</strong></span> <span class='ocrx_word' id='word_1_199' title='bbox 1226 3471 1376 3542; x_wconf 84' lang='lat' dir='ltr'><strong>perspecta</strong></span> 
     </span>
     <span class='ocr_line' id='line_1_30' title="bbox 268 3539 1377 3625; baseline 0.001 -22"><span class='ocrx_word' id='word_1_200' title='bbox 268 3545 453 3606; x_wconf 82' lang='lat' dir='ltr'><strong>insolentiore</strong></span> <span class='ocrx_word' id='word_1_201' title='bbox 478 3545 669 3617; x_wconf 80' lang='lat' dir='ltr'><strong>attractione,</strong></span> <span class='ocrx_word' id='word_1_202' title='bbox 695 3565 749 3625; x_wconf 86' lang='lat' dir='ltr'><strong>qua</strong></span> <span class='ocrx_word' id='word_1_203' title='bbox 770 3539 819 3622; x_wconf 81' lang='grc' dir='ltr'><strong>ηδ’</strong></span> <span class='ocrx_word' id='word_1_204' title='bbox 838 3539 961 3618; x_wconf 86' lang='grc' dir='ltr'><strong><em>ὑποψία</em></strong></span> <span class='ocrx_word' id='word_1_205' title='bbox 982 3565 1034 3623; x_wconf 88' lang='lat' dir='ltr'><strong>pro</strong></span> <span class='ocrx_word' id='word_1_206' title='bbox 1057 3543 1174 3607; x_wconf 83' lang='grc' dir='ltr'><strong><em>τούτων</em></strong></span> <span class='ocrx_word' id='word_1_207' title='bbox 1192 3543 1313 3622; x_wconf 81' lang='grc' dir='ltr'><strong><em>ὑποψία</em></strong></span> <span class='ocrx_word' id='word_1_208' title='bbox 1335 3543 1377 3604; x_wconf 89' lang='lat' dir='ltr'><strong>di·</strong></span> 
     </span>
     <span class='ocr_line' id='line_1_31' title="bbox 270 3627 1377 3707; baseline 0 -20"><span class='ocrx_word' id='word_1_209' title='bbox 270 3638 344 3687; x_wconf 90' lang='lat' dir='ltr'><strong>etum</strong></span> <span class='ocrx_word' id='word_1_210' title='bbox 361 3640 417 3700; x_wconf 89' lang='lat' dir='ltr'><strong>est,</strong></span> <span class='ocrx_word' id='word_1_211' title='bbox 440 3627 565 3687; x_wconf 85' lang='lat' dir='ltr'><strong>inaudita</strong></span> <span class='ocrx_word' id='word_1_212' title='bbox 586 3631 662 3687; x_wconf 83' lang='lat' dir='ltr'><strong>eresi</strong></span> <span class='ocrx_word' id='word_1_213' title='bbox 683 3627 743 3707; x_wconf 71' lang='grc' dir='ltr'><strong>ἤδη</strong></span> <span class='ocrx_word' id='word_1_214' title='bbox 764 3627 885 3704; x_wconf 78' lang='grc' dir='ltr'><strong><em>ὑποψία</em></strong></span> <span class='ocrx_word' id='word_1_215' title='bbox 907 3628 994 3687; x_wconf 81' lang='lat' dir='ltr'><strong>scribi</strong></span> <span class='ocrx_word' id='word_1_216' title='bbox 1014 3627 1135 3687; x_wconf 82' lang='lat' dir='ltr'><strong>volebat.</strong></span> <span class='ocrx_word' id='word_1_217' title='bbox 1167 3628 1198 3687; x_wconf 91' lang='lat' dir='ltr'><strong>Si</strong></span> <span class='ocrx_word' id='word_1_218' title='bbox 1214 3638 1377 3707; x_wconf 85' lang='lat' dir='ltr'><strong>corruptum</strong></span> 
     </span>
     <span class='ocr_line' id='line_1_32' title="bbox 270 3708 1484 3791; baseline -0.001 -22"><span class='ocrx_word' id='word_1_219' title='bbox 270 3721 347 3771; x_wconf 87' lang='lat' dir='ltr'><strong>esset</strong></span> <span class='ocrx_word' id='word_1_220' title='bbox 367 3708 425 3790; x_wconf 73' lang='grc' dir='ltr'><strong>ἥδ’,</strong></span> <span class='ocrx_word' id='word_1_221' title='bbox 448 3721 511 3771; x_wconf 82' lang='lat' dir='ltr'><strong>erat</strong></span> <span class='ocrx_word' id='word_1_222' title='bbox 531 3710 560 3769; x_wconf 95' lang='lat' dir='ltr'><strong>id</strong></span> <span class='ocrx_word' id='word_1_223' title='bbox 577 3712 672 3790; x_wconf 89' lang='lat' dir='ltr'><strong>potius</strong></span> <span class='ocrx_word' id='word_1_224' title='bbox 691 3713 720 3772; x_wconf 92' lang='lat' dir='ltr'><strong>in</strong></span> <span class='ocrx_word' id='word_1_225' title='bbox 737 3708 792 3791; x_wconf 83' lang='grc' dir='ltr'><strong><em>οὑχ</em></strong></span> <span class='ocrx_word' id='word_1_226' title='bbox 806 3709 979 3782; x_wconf 83' lang='lat' dir='ltr'><strong>mutandum,</strong></span> <span class='ocrx_word' id='word_1_227' title='bbox 1001 3721 1033 3768; x_wconf 87' lang='lat' dir='ltr'><strong>nt</strong></span> <span class='ocrx_word' id='word_1_228' title='bbox 1048 3710 1158 3770; x_wconf 86' lang='lat' dir='ltr'><strong>diceret</strong></span> <span class='ocrx_word' id='word_1_229' title='bbox 1173 3712 1305 3781; x_wconf 90' lang='lat' dir='ltr'><strong>nuncius,</strong></span> <span class='ocrx_word' id='word_1_230' title='bbox 1329 3729 1378 3769; x_wconf 85' lang='lat' dir='ltr'><strong>su·</strong></span> <span class='ocrx_word' id='word_1_231' title='bbox 1483 3777 1484 3790; x_wconf 24' lang='grc' dir='ltr'><strong><em>ρ</em></strong></span> 
     </span>
     <span class='ocr_line' id='line_1_33' title="bbox 270 3793 1377 3874; baseline 0.003 -20"><span class='ocrx_word' id='word_1_232' title='bbox 270 3805 397 3874; x_wconf 80' lang='lat' dir='ltr'><strong>spectum</strong></span> <span class='ocrx_word' id='word_1_233' title='bbox 417 3793 446 3856; x_wconf 91' lang='lat' dir='ltr'><strong>id</strong></span> <span class='ocrx_word' id='word_1_234' title='bbox 467 3793 579 3874; x_wconf 87' lang='lat' dir='ltr'><strong>quidem</strong></span> <span class='ocrx_word' id='word_1_235' title='bbox 596 3816 651 3856; x_wconf 90' lang='lat' dir='ltr'><strong>non</strong></span> <span class='ocrx_word' id='word_1_236' title='bbox 666 3797 768 3867; x_wconf 81' lang='lat' dir='ltr'><strong>foisse,</strong></span> <span class='ocrx_word' id='word_1_237' title='bbox 792 3793 843 3854; x_wconf 88' lang='lat' dir='ltr'><strong>scd</strong></span> <span class='ocrx_word' id='word_1_238' title='bbox 863 3804 957 3855; x_wconf 67' lang='lat' dir='ltr'><strong>umen</strong></span> <span class='ocrx_word' id='word_1_239' title='bbox 974 3813 1061 3872; x_wconf 81' lang='lat' dir='ltr'><strong>aegre</strong></span> <span class='ocrx_word' id='word_1_240' title='bbox 1080 3813 1130 3852; x_wconf 87' lang='lat' dir='ltr'><strong>eos</strong></span> <span class='ocrx_word' id='word_1_241' title='bbox 1151 3793 1253 3852; x_wconf 84' lang='lat' dir='ltr'><strong>tulisse</strong></span> <span class='ocrx_word' id='word_1_242' title='bbox 1272 3803 1377 3858; x_wconf 79' lang='lat' dir='ltr'><strong>tantam</strong></span> 
     </span>
     <span class='ocr_line' id='line_1_34' title="bbox 269 3876 1378 3956; baseline 0.001 -18"><span class='ocrx_word' id='word_1_243' title='bbox 269 3878 474 3940; x_wconf 84' lang='lat' dir='ltr'><strong>multitudinem</strong></span> <span class='ocrx_word' id='word_1_244' title='bbox 496 3891 652 3941; x_wconf 81' lang='lat' dir='ltr'><strong>vectorum.</strong></span> <span class='ocrx_word' id='word_1_245' title='bbox 695 3877 763 3940; x_wconf 88' lang='lat' dir='ltr'><strong>Non</strong></span> <span class='ocrx_word' id='word_1_246' title='bbox 786 3889 831 3940; x_wconf 84' lang='lat' dir='ltr'><strong>est</strong></span> <span class='ocrx_word' id='word_1_247' title='bbox 852 3888 946 3938; x_wconf 84' lang='lat' dir='ltr'><strong>tamen</strong></span> <span class='ocrx_word' id='word_1_248' title='bbox 967 3877 1122 3938; x_wconf 84' lang='lat' dir='ltr'><strong>verisimile</strong></span> <span class='ocrx_word' id='word_1_249' title='bbox 1145 3878 1187 3937; x_wconf 91' lang='lat' dir='ltr'><strong>sic</strong></span> <span class='ocrx_word' id='word_1_250' title='bbox 1208 3876 1284 3956; x_wconf 86' lang='lat' dir='ltr'><strong>loqui</strong></span> <span class='ocrx_word' id='word_1_251' title='bbox 1305 3898 1378 3940; x_wconf 90' lang='lat' dir='ltr'><strong>uun·</strong></span> 
     </span>
     <span class='ocr_line' id='line_1_35' title="bbox 269 3958 1378 4043; baseline 0.002 -21"><span class='ocrx_word' id='word_1_252' title='bbox 269 3963 361 4037; x_wconf 84' lang='lat' dir='ltr'><strong>cium,</strong></span> <span class='ocrx_word' id='word_1_253' title='bbox 396 3974 427 4023; x_wconf 91' lang='lat' dir='ltr'><strong>ut</strong></span> <span class='ocrx_word' id='word_1_254' title='bbox 449 3964 495 4042; x_wconf 89' lang='lat' dir='ltr'><strong>qui</strong></span> <span class='ocrx_word' id='word_1_255' title='bbox 517 3965 609 4023; x_wconf 91' lang='lat' dir='ltr'><strong>sicet</strong></span> <span class='ocrx_word' id='word_1_256' title='bbox 631 3983 663 4023; x_wconf 85' lang='lat' dir='ltr'><strong>ee</strong></span> <span class='ocrx_word' id='word_1_257' title='bbox 684 3973 714 4024; x_wconf 90' lang='lat' dir='ltr'><strong>et</strong></span> <span class='ocrx_word' id='word_1_258' title='bbox 736 3963 829 4022; x_wconf 84' lang='lat' dir='ltr'><strong>socios</strong></span> <span class='ocrx_word' id='word_1_259' title='bbox 852 3981 918 4021; x_wconf 89' lang='lat' dir='ltr'><strong>suos</strong></span> <span class='ocrx_word' id='word_1_260' title='bbox 940 3958 1090 4021; x_wconf 81' lang='lat' dir='ltr'><strong>socordiae</strong></span> <span class='ocrx_word' id='word_1_261' title='bbox 1112 3972 1278 4035; x_wconf 83' lang='lat' dir='ltr'><strong>accusaret,</strong></span> <span class='ocrx_word' id='word_1_262' title='bbox 1308 3982 1378 4043; x_wconf 91' lang='lat' dir='ltr'><strong>poe·</strong></span> 
     </span>
     <span class='ocr_line' id='line_1_36' title="bbox 269 4041 1378 4129; baseline 0.002 -22"><span class='ocrx_word' id='word_1_263' title='bbox 269 4066 389 4125; x_wconf 87' lang='lat' dir='ltr'><strong>namque</strong></span> <span class='ocrx_word' id='word_1_264' title='bbox 418 4057 545 4108; x_wconf 86' lang='lat' dir='ltr'><strong>metuere</strong></span> <span class='ocrx_word' id='word_1_265' title='bbox 568 4046 698 4108; x_wconf 86' lang='lat' dir='ltr'><strong>deberet.</strong></span> <span class='ocrx_word' id='word_1_266' title='bbox 756 4046 854 4121; x_wconf 78' lang='lat' dir='ltr'><strong>Quare</strong></span> <span class='ocrx_word' id='word_1_267' title='bbox 883 4055 963 4105; x_wconf 89' lang='lat' dir='ltr'><strong>recte</strong></span> <span class='ocrx_word' id='word_1_268' title='bbox 992 4044 1029 4104; x_wconf 86' lang='lat' dir='ltr'><strong>L.</strong></span> <span class='ocrx_word' id='word_1_269' title='bbox 1053 4042 1220 4106; x_wconf 83' lang='lat' dir='ltr'><strong>Diodoriius</strong></span> <span class='ocrx_word' id='word_1_270' title='bbox 1243 4044 1332 4129; x_wconf 83' lang='grc' dir='ltr'><strong><em>λόγος</em></strong></span> <span class='ocrx_word' id='word_1_271' title='bbox 1352 4041 1378 4108; x_wconf 86' lang='grc' dir='ltr'><strong>τ’</strong></span> 
     </span>
     <span class='ocr_line' id='line_1_37' title="bbox 270 4128 1083 4212; baseline -0.007 -20"><span class='ocrx_word' id='word_1_272' title='bbox 270 4128 369 4192; x_wconf 88' lang='lat' dir='ltr'><strong>edidit.</strong></span> <span class='ocrx_word' id='word_1_273' title='bbox 415 4130 583 4211; x_wconf 84' lang='lat' dir='ltr'><strong>Comparari</strong></span> <span class='ocrx_word' id='word_1_274' title='bbox 602 4141 697 4212; x_wconf 88' lang='lat' dir='ltr'><strong>potest</strong></span> <span class='ocrx_word' id='word_1_275' title='bbox 713 4130 744 4190; x_wconf 86' lang='lat' dir='ltr'><strong>in</strong></span> <span class='ocrx_word' id='word_1_276' title='bbox 764 4129 857 4210; x_wconf 73' lang='lat' dir='ltr'><strong>lphig.</strong></span> <span class='ocrx_word' id='word_1_277' title='bbox 881 4129 971 4188; x_wconf 85' lang='lat' dir='ltr'><strong>Taur.</strong></span> <span class='ocrx_word' id='word_1_278' title='bbox 991 4134 1083 4190; x_wconf 77' lang='lat'>1³34.</span> 
     </span>
    </p>
   </div>
   <div class='ocr_carea' id='block_1_8' title="bbox 436 4229 1209 4406">
    <p class='ocr_par' dir='ltr' id='par_1_13' title="bbox 436 4229 1209 4406">
     <span class='ocr_line' id='line_1_38' title="bbox 782 4229 1209 4318; baseline 0 -18"><span class='ocrx_word' id='word_1_279' title='bbox 782 4235 835 4300; x_wconf 80' lang='grc' dir='ltr'><strong>καὶ</strong></span> <span class='ocrx_word' id='word_1_280' title='bbox 854 4231 920 4299; x_wconf 79' lang='grc' dir='ltr'><strong><em>τόδ’</em></strong></span> <span class='ocrx_word' id='word_1_281' title='bbox 940 4229 981 4316; x_wconf 77' lang='grc' dir='ltr'><strong><em>ἦν</em></strong></span> <span class='ocrx_word' id='word_1_282' title='bbox 1000 4234 1123 4300; x_wconf 85' lang='grc' dir='ltr'><strong><em>ὑποπτα</em></strong></span> <span class='ocrx_word' id='word_1_283' title='bbox 1143 4234 1209 4318; x_wconf 80' lang='grc' dir='ltr'><strong><em>μίν,</em></strong></span> 
     </span>
     <span class='ocr_line' id='line_1_39' title="bbox 436 4317 1102 4406; baseline 0 -22"><span class='ocrx_word' id='word_1_284' title='bbox 436 4321 547 4406; x_wconf 75' lang='grc' dir='ltr'><strong><em>ἤρεσκε</em></strong></span> <span class='ocrx_word' id='word_1_285' title='bbox 565 4320 668 4401; x_wconf 75' lang='grc' dir='ltr'><strong><em>μέντοι</em></strong></span> <span class='ocrx_word' id='word_1_286' title='bbox 688 4325 768 4385; x_wconf 87' lang='grc' dir='ltr'><strong><em>σοῖσι</em></strong></span> <span class='ocrx_word' id='word_1_287' title='bbox 789 4317 989 4404; x_wconf 81' lang='grc' dir='ltr'><strong><em>προςπόλοις,</em></strong></span> <span class='ocrx_word' id='word_1_288' title='bbox 1018 4319 1102 4397; x_wconf 84' lang='grc' dir='ltr'><strong><em>όίναξ.</em></strong></span> 
     </span>
    </p>
   </div>
   <div class='ocr_carea' id='block_1_9' title="bbox 270 4427 1379 4597">
    <p class='ocr_par' dir='ltr' id='par_1_14' title="bbox 270 4427 1379 4597">
     <span class='ocr_line' id='line_1_40' title="bbox 356 4427 1379 4511; baseline -0.001 -18"><span class='ocrx_word' id='word_1_289' title='bbox 356 4434 448 4494; x_wconf 83' lang='grc'><strong>1676.</strong></span> <span class='ocrx_word' id='word_1_290' title='bbox 492 4428 570 4490; x_wconf 85' lang='lat' dir='ltr'><strong>Edd.</strong></span> <span class='ocrx_word' id='word_1_291' title='bbox 594 4441 663 4492; x_wconf 85' lang='lat' dir='ltr'><strong>vett.</strong></span> <span class='ocrx_word' id='word_1_292' title='bbox 688 4431 906 4511; x_wconf 75' lang='grc' dir='ltr'><strong><em>ὼεσιιοποῖμεν,</em></strong></span> <span class='ocrx_word' id='word_1_293' title='bbox 927 4429 974 4492; x_wconf 91' lang='lat' dir='ltr'><strong>eui</strong></span> <span class='ocrx_word' id='word_1_294' title='bbox 994 4430 1082 4492; x_wconf 89' lang='lat' dir='ltr'><strong>verbo</strong></span> <span class='ocrx_word' id='word_1_295' title='bbox 1102 4430 1130 4488; x_wconf 92' lang='lat' dir='ltr'><strong>in</strong></span> <span class='ocrx_word' id='word_1_296' title='bbox 1152 4427 1242 4490; x_wconf 85' lang='lat' dir='ltr'><strong>Brob.</strong></span> <span class='ocrx_word' id='word_1_297' title='bbox 1267 4428 1379 4492; x_wconf 70' lang='lat' dir='ltr'><strong>stellula</strong></span> 
     </span>
     <span class='ocr_line' id='line_1_41' title="bbox 270 4510 1379 4597; baseline -0.002 -21"><span class='ocrx_word' id='word_1_298' title='bbox 270 4515 396 4597; x_wconf 81' lang='lat' dir='ltr'><strong>praefixa</strong></span> <span class='ocrx_word' id='word_1_299' title='bbox 417 4524 481 4586; x_wconf 83' lang='lat' dir='ltr'><strong>est,</strong></span> <span class='ocrx_word' id='word_1_300' title='bbox 511 4534 569 4574; x_wconf 91' lang='lat' dir='ltr'><strong>non</strong></span> <span class='ocrx_word' id='word_1_301' title='bbox 591 4514 710 4574; x_wconf 68' lang='lat' dir='ltr'><strong>lacunae</strong></span> <span class='ocrx_word' id='word_1_302' title='bbox 732 4511 861 4593; x_wconf 80' lang='lat' dir='ltr'><strong>signum,</strong></span> <span class='ocrx_word' id='word_1_303' title='bbox 893 4525 925 4574; x_wconf 87' lang='lat' dir='ltr'><strong>ut</strong></span> <span class='ocrx_word' id='word_1_304' title='bbox 941 4512 1056 4594; x_wconf 84' lang='lat' dir='ltr'><strong>putabat</strong></span> <span class='ocrx_word' id='word_1_305' title='bbox 1077 4511 1237 4582; x_wconf 70' lang='lat' dir='ltr'><strong>Matthiae,</strong></span> <span class='ocrx_word' id='word_1_306' title='bbox 1268 4510 1320 4574; x_wconf 84' lang='lat' dir='ltr'><strong>sed</strong></span> <span class='ocrx_word' id='word_1_307' title='bbox 1348 4523 1379 4574; x_wconf 94' lang='lat' dir='ltr'><strong>ut</strong></span> 
     </span>
    </p>
   </div>
   <div class='ocr_carea' id='block_1_10' title="bbox 0 0 1513 5136">
    <p class='ocr_par' dir='ltr' id='par_1_15' title="bbox 0 0 1513 5136">
     <span class='ocr_line' id='line_1_42' title="bbox 0 0 1513 5136; baseline 0 0"><span class='ocrx_word' id='word_1_308' title='bbox 0 0 1513 5136; x_wconf 95' lang='lat' dir='ltr'><strong> </strong></span> 
     </span>
    </p>
   </div>
  </div>
 </body>
</html>
