3028 5136
402 1153 923 1264 PRAEFATIO.

520 1501 818 1513 —n—-u-

215 1723 288 1830 Dc
322 1751 416 1849 poesi
448 1750 592 1847 satyrica
626 1719 831 1826 Graecorum
865 1754 987 1828 multos
1018 1752 1066 1822 ite
1091 1750 1215 1822 sentire

106 1866 222 1960 uideo,
257 1867 420 1940 attritus
444 1868 624 1964 tragoediis
655 1877 804 1967 quartam
830 1869 991 1944 adiectam
1017 1891 1090 1940 csse
1114 1866 1214 1939 fauo-

105 1985 171 2058 lam
198 1984 373 2081 satyricam
399 1994 536 2084 putent,
563 2011 626 2084 quo
653 1989 812 2062 severitas
837 1987 1028 2084 tragoediae
1045 1985 1213 2058 hilaritate

106 2101 245 2200 quadam
265 2110 518 2200 temperaretur,
540 2098 827 2202 spectatoremque
850 2105 963 2197 animi,
979 2103 1090 2177 satiati
1112 2101 1214 2174 misc·
1354 2123 1357 2130 ·

106 2221 236 2294 ratione
258 2221 406 2316 grauium
430 2223 590 2294 uralmum
615 2229 713 2319 atque
735 2223 874 2296 horrore
898 2221 1060 2294 atrocium
1082 2221 1213 2292 lacinc-

107 2363 191 2430 rum,
215 2347 447 2413 recrearentur
462 2345 645 2432 satyrorum
663 2339 791 2412 leuibus
806 2340 890 2412 iocis
908 2340 1097 2435 lascivaque
1113 2345 1213 2436 pctu-

106 2456 221 2529 luntia.
272 2455 340 2547 Qui
365 2455 413 2526 ita
438 2454 634 2551 opinantur,
660 2462 811 2528 euentum
836 2457 934 2530 liuius
959 2454 1116 2545 instituti,
1145 2478 1212 2525 non

107 2574 266 2670 originem
288 2573 441 2646 uidentur
461 2579 625 2668 spectare,
652 2595 735 2670 quae
759 2574 852 2669 prior
874 2581 925 2647 est
945 2573 1052 2644 initiis
1076 2578 1212 2666 tragoe-

105 2691 189 2766 diae.
245 2688 458 2788 Complectar
483 2714 552 2762 rcnn
582 2713 709 2762 omnem
740 2691 970 2788 paucissimis„
1017 2690 1210 2764 Athenaeus

103 2807 203 2884 XIV.
224 2833 258 2907 p.
284 2807 371 2882 630.
393 2805 434 2880 C.
458 2807 523 2882 lucc
545 2809 721 2882 memoriae
736 2809 903 2907 prodidit:
927 2805 1125 2900 συνέστηκε
1145 2802 1211 2902 καὶ

105 2923 283 3022 σατυρικὴ
299 2921 442 3018 ποίησις
462 2923 505 2999 τὸ
528 2924 688 3000 παλαιὸν
713 2928 754 3000 ἐκ
773 2933 912 3024 χορῶν,
939 2924 990 3008 ὥς
1009 2924 1073 3000 καὶ
1090 2922 1210 3018 ἡτότε
1269 2984 1272 2992 ·

103 3039 313 3144 τραγῳδία·
351 3038 480 3138 διόπερ
515 3043 559 3118 αι’
562 3040 603 3117 δὲ
629 3041 832 3140 ὑποκριτὰς
865 3043 977 3137 εἶχον.
1038 3045 1129 3136 Quas
1155 3043 1211 3117 uie

105 3161 185 3236 dicit
206 3161 414 3258 tragoedias,
441 3161 638 3256 dithyramlni
663 3162 816 3253 luerunt,
841 3162 899 3234 sed
925 3163 977 3234 illi
1003 3161 1093 3232 aliud
1113 3185 1210 3256 quam

102 3279 305 3360 Baccluicum
345 3289 570 3376 argumentum
605 3280 785 3371 hahentes,
821 3279 935 3376 quales
974 3277 1208 3373 Sicyoniorum

103 3397 197 3470 olori
229 3396 369 3492 tragici,
409 3398 655 3471 commemorati
695 3398 736 3470 ab
769 3397 954 3470 Herodoto'.
1016 3394 1208 3492 Satpricauu

103 3519 212 3586 autem
243 3513 380 3610 poesin,
416 3515 457 3588 de
489 3541 554 3613 qua
585 3516 733 3614 loquitur
755 3516 967 3606 Athenaeus,
999 3515 1092 3588 lusus
1115 3521 1207 3609 saty-

103 3655 212 3706 rorum
239 3634 481 3729 extemporales
512 3634 615 3706 luisse
648 3659 691 3707 er
716 3633 910 3708 Aristotelis
942 3634 1030 3706 liloro
1062 3631 1102 3705 dc
1122 3641 1206 3723 ,arte

104 3750 234 3844 poetica
256 3748 320 3823 lv.
347 3746 405 3824 14.
432 3752 654 3848 cognoscitur.
705 3750 759 3824 Ibi
784 3752 843 3826 ille
875 3749 1077 3846 tragoediam
1108 3749 1205 3819 initio

13 3949 15 3952 ,
107 3869 359 3963 extemporalem
390 3867 514 3960 luisse,
551 3881 766 3966 exortamque
797 3893 871 3942 esse
901 3891 962 3964 per
995 3889 1052 3937 eos
1079 3871 1205 3953 narrat,

105 3983 160 4080 qui
184 3983 421 4081 dithyramburn
455 3994 639 4060 cantarent.
696 3983 804 4077 Nam,
838 3993 874 4056 ut
897 3983 1068 4077 Diogenes
1094 3979 1206 4052 Laer-

103 4100 167 4174 tius
190 4099 257 4174 Ill.
283 4103 342 4178 56.
373 4102 440 4195 ait,
466 4100 509 4177 τὸ
530 4098 689 4176 παλαιὸν
715 4103 756 4175 ἒν
779 4107 826 4196 τῇ
850 4095 1042 4200 τραγῳδίᾳ
1073 4090 1211 4192 modae-¹

104 4242 169 4316 ρον
198 4215 270 4313 μὲν
300 4214 416 4315 μόνος
449 4217 469 4292 ὃ
501 4216 611 4316 χορὸς
644 4213 945 4316 διεδραμάτιζεν,
978 4213 1135 4313 ὕστερον
1163 4209 1203 4286 δι’·

105 4335 232 4419 Θέσπις
257 4337 323 4410 ἕνα
348 4333 552 4435 ὑποκριτὴν
577 4337 722 4434 ἐξεῦρεν
740 4333 832 4434 ὑπὲρ
853 4341 920 4408 τοῦ
943 4328 1205 4408 ἀναπαύεσθαι

102 4451 167 4530 τὸν
188 4449 318 4552 χορόν.
377 4452 460 4532 Sive
482 4457 630 4557 Thespis
653 4457 683 4532 is
708 4455 792 4550 luit,
822 4455 892 4530 siue
917 4453 1023 4548 alius,
1054 4451 1138 4524 uilril
1162 4448 1204 4522 ad
1323 4468 1326 4474 ’
