2994 5128
806 280 855 352 14

268 480 466 558 Μενέλαον
490 477 649 574 ἥκονθ’·
678 475 728 560 ὥς
753 474 800 552 τά
826 453 863 579 μ’
894 476 975 550 ἀλλ’
1006 477 1064 552 ἐπ’
1096 477 1286 561 ἀσθενοῦς

248 589 392 704 [ῥώμης
417 600 616 701 ὀχούμεθ’,
641 604 689 700 ήν
714 632 750 677 τι
774 603 826 700 μή
858 601 983 678 κείνου
1009 599 1112 700 πόρα

140 731 147 750 ’
217 752 261 819 70
270 736 469 827 σωθῶμεν.
496 732 640 829 ἄπορον
661 737 789 827 χρῆμα
818 728 1011 826 δυςτυχιῦν
1039 726 1164 824 δόμος.

626 1001 628 1008 ¹
721 905 938 1021 anunm.
1023 895 1027 902 ’

259 1069 309 1143 Ὠ
335 1075 404 1143 παῖ
428 1063 760 1164 Κλυταιμνήστρας
783 1096 822 1142 τε
847 1066 1159 1169 κάμαμέμνονος,Ι
1184 1038 1192 1052 ’

267 1193 433 1294 παρθένε
459 1196 605 1292 μακρὸν
632 1192 678 1290 δὴ
701 1201 819 1290 μῆκος
825 1249 839 1282 ,
858 1193 1038 1292 Ἠλέκτρα
1045 1250 1058 1283 ,
1084 1188 1239 1290 χρόνον,

268 1330 366 1408 πῶς,
394 1317 424 1395 ὦ
452 1317 610 1396 τάλαινα
616 1376 630 1409 ,
658 1315 706 1394 ού
731 1349 770 1394 τε
794 1315 1015 1422 κασίγνητός
1039 1348 1078 1394 τε
1104 1318 1168 1402 σὸς
1220 1404 1225 1415 ὶ

268 1445 419 1545 τλήμων
437 1447 611 1544 Ὀρέστης
635 1445 774 1545 μητρὸς
801 1446 864 1521 όδε
891 1445 1028 1546 φονεὺς
1053 1447 1145 1541 Otito·

217 1574 579 1676 75ιιροςφθέφμαοιν
603 1572 676 1676 γὰρ
699 1572 749 1679 ,οὐ
774 1571 972 1671 μιαίνομαι
998 1573 1123 1661 σέθεν,

204 1745 208 1750 -
266 1707 317 1786 εἰς
343 1702 494 1801 Φοῖβον
520 1700 763 1799 ἀναφέρουσα
789 1699 859 1796 τὴν
884 1699 1084 1798 ἁμαρτίαν.
1156 1731 1162 1742 ·
1191 1767 1195 1775 .

266 1825 386 1903 καίτοι
414 1826 532 1904 στένω
557 1857 598 1930 με
624 1825 692 1902 τὸν
717 1822 1053 1926 Κλυταιμνήστρας
1077 1822 1210 1926 μόρον,

159 1979 161 1985 “
267 1955 356 2051 ἐμῆς
381 1953 544 2053 ἀδελφῆς
550 2011 563 2044 ,
588 1953 657 2048 ήν,
683 1951 760 2028 ἐπεὶ
784 1951 1002 2052 πρὸςἼλιον

165 2123 168 2128 -
266 2083 407 2156 έπλευσ’
440 2080 720 2163 ὅπως-ἔπλευσα
745 2080 929 2178 θεομανεῖ
952 2077 1096 2178 πότμῳ,

218 2208 336 2286 Θθοῦκ
360 2207 461 2283 εἶδον
472 2263 485 2297 ,
512 2207 783 2306 ἀπολειφθεῖσα
809 2206 846 2280 δ’
879 2201 997 2297 αῑόζω
1023 2203 1148 2304 τύχας.
1179 2263 1180 2274 .
1288 2189 1291 2196 ’

270 2423 533 2434 ----..-.

269 2539 296 2576 r.
318 2515 390 2575 297.
422 2515 469 2574 sed
496 2523 628 2592 praestare
654 2524 741 2574 tanmn
768 2516 884 2588 ridetur,
916 2517 985 2594 quod
1011 2520 1168 2576 recentiores
1197 2531 1213 2572 a
1238 2473 1400 2592 Μοεὲιειίο

268 2605 414 2660 οοιιὶεειιιιιι
436 2603 586 2684 probarunt
597 2599 639 2672 εἰς
661 2591 742 2660 ὁδόν.

356 2684 406 2746 74.
440 2685 515 2743 Libri
545 2694 571 2744 et
600 2685 756 2744 scholiastae
783 2684 826 2744 hic
855 2693 933 2760 atquo
967 2685 1000 2744 ad
1033 2705 1059 2744 r.
1061 2676 1138 2744 85.
1165 2675 1289 2760 τλήμων
1306 2675 1403 2758 Ὀρέ-

269 2791 352 2848 στης
364 2766 482 2848 μητρὸς
504 2763 571 2829 ὅδε.
578 2766 688 2870 φονεὺς
709 2765 778 2850 alpe.
819 2772 851 2829 In
874 2770 931 2829 cod.
954 2771 976 2828 l.
1000 2770 1033 2828 ed
1055 2763 1105 2828 ὅδε
1127 2775 1329 2846 superscriptum
1352 2763 1400 2841 ὅς,

199 2931 200 2936 ¹
269 2856 338 2934 quod
360 2877 411 2913 uon
434 2874 514 2913 ausus
537 2858 649 2930 recipere
671 2856 820 2924 Porsonus,
849 2858 871 2910 si
895 2859 954 2930 quis
975 2859 1097 2930 recipiat,
1126 2856 1254 2912 facturum
1276 2875 1330 2912 non
1353 2875 1400 2914 so·

268 2943 322 2998 lum
344 2943 458 3017 patiente
480 2959 517 3008 se,
538 2938 586 2996 sed
607 2944 685 2996 etiam
707 2941 862 3017 approbante
884 2938 955 2997 dicit.
992 2939 1128 2998 Matthiae
1157 2957 1236 2996 unum
1265 2958 1298 2996 ex
1320 2939 1398 2997 scho-

268 3027 354 3084 liastls
376 3033 482 3081 secutus
509 3026 546 3080 ita
569 3028 710 3082 orationem
740 3028 886 3089 instituisse
914 3033 1018 3100 poetam
1048 3027 1174 3100 putabat,
1199 3043 1230 3082 ac
1257 3029 1287 3081 si.
1310 3022 1399 3082 dicere

267 3112 345 3167 vellet
368 3110 431 3179 πῶς
453 3101 493 3167 ori
513 3106 617 3167 τεκαὶ
639 3106 818 3189 κασίγνητος
840 3104 894 3180 σός
915 3105 1009 3186 ἔχετέ·
1038 3109 1084 3166 sed
1107 3103 1184 3186 quum
1208 3107 1326 3166 Orestem
1350 3130 1397 3168 no·

268 3200 410 3267 minasset,
430 3193 492 3252 huic
512 3197 611 3252 nomini
633 3198 724 3266 etiam,
746 3200 814 3253 sicut
834 3194 966 3265 Electrae,
1001 3197 1119 3270 probrum
1143 3194 1235 3251 addere
1256 3195 1396 3264 volentem,

267 3285 385 3357 inceptae
407 3285 607 3339 constructionis
628 3285 803 3338 immemorem
826 3279 859 3336 ad
880 3279 931 3337 hoc
951 3282 1071 3337 ultimum
1093 3280 1227 3337 rettulisse
1248 3280 1353 3336 verbum
1368 3286 1397 3336 et

268 3369 407 3440 scripsisse
427 3359 545 3441 μητρὸς
567 3357 616 3422 ὅδε
639 3359 749 3444 φονεὺς
770 3357 840 3444 έφυ.
884 3365 973 3422 Sensit
1000 3374 1086 3422 tamen
1111 3369 1168 3440 ipse
1197 3361 1265 3420 hanc
1285 3365 1396 3439 explica-

272 3452 368 3504 tionem
383 3467 444 3504 esse
463 3447 641 3504 durissiroam.
684 3448 725 3507 Ac
745 3451 815 3506 falsa
837 3457 878 3506 est
899 3453 975 3508 etiam
998 3469 1037 3519 eo,
1059 3449 1128 3524 quod
1150 3457 1249 3507 tantum
1271 3449 1345 3505 abest
1366 3457 1397 3506 ut

184 3521 190 3532 ’
271 3532 374 3588 Helena
395 3533 516 3608 probrum
538 3531 632 3589 addere
655 3546 700 3591 aut
721 3535 839 3591 Electrae
861 3542 906 3592 aut
928 3533 1017 3592 Oresti
1038 3534 1157 3602 voluerit,
1178 3541 1208 3590 ut
1230 3553 1284 3590 earn
1307 3535 1395 3609 potius

271 3619 404 3674 amborum
428 3619 556 3686 misereat,
577 3616 704 3688 Electrae,
726 3619 795 3695 quod
817 3619 902 3678 adhuc
923 3624 1031 3694 innupta
1052 3623 1095 3688 sit,
1118 3618 1229 3687 Orestis,
1251 3618 1318 3694 qaod
1342 3637 1394 3675 ma·

270 3703 319 3759 tris
341 3701 468 3759 caedem
490 3703 557 3758 mala
577 3702 704 3806 inpulerit.
749 3705 869 3775 Omnino,
898 3708 923 3762 si
948 3699 1013 3804 έφιιυ
1030 3706 1134 3780 scripsit
1154 3701 1302 3806 Euripides,
1323 3721 1396 3779 repo·

248 3783 383 3844 'nendum
407 3796 447 3844 est
467 3781 585 3865 μητρός
608 3781 641 3860 bg
663 3783 773 3868 φονεάς
795 3784 871 3868 ἔφυ,
905 3790 938 3847 ad
965 3790 1031 3859 πῶς
1058 3780 1220 3845 intellecto'
1209 3783 1299 3862 έχετε.
1341 3787 1397 3846 Sed

271 3892 349 3947 quum
372 3874 431 3930 libri
453 3893 543 3929 onmes
564 3869 618 3931 δδε
640 3882 774 3944 tueantur,
801 3885 870 3932 recte
892 3879 996 3951 scripsit
1014 3872 1186 3930 scholiastes.
1215 3867 1396 3950 ἀγνοοῦντες

271 3952 309 4016 δέ
327 3951 460 4027 τινεςτὸ
483 3949 584 4016 δότ’
566 3956 637 4016 αντΙ
656 3960 710 4017 τοῦ
733 3952 1000 4038 όςτιςφασέν·’
989 3956 1052 4018 ἔστι
1075 3952 1164 4016 δὲτὸ
1186 3949 1250 4016 ὅδε
1272 3951 1396 4032 διδιμέ-
1475 3967 1476 4000 ³

271 4061 328 4100 σου
351 4033 649 4101 occurrebamus
671 4053 756 4101 tamen
779 4049 865 4100 rrrious
886 4043 1022 4102 commodo
1044 4044 1101 4100 Ιοοο
1122 4045 1252 4142 positum,
1280 4046 1341 4118 quia
1362 4042 1397 4100 ael

266 4119 422 4206 ’,Ορέοτης
444 4147 497 4186 non
518 4126 551 4183 ad
571 4121 689 4229 μητρός
711 4122 821 4208 φονεδς
847 4132 967 4204 pertinet.
1017 4127 1140 4194 Quodsi
1161 4145 1250 4185 rerum
1272 4135 1314 4185 est
1335 4119 1395 4199 οδε,

270 4231 323 4269 non
345 4209 512 4270 dubitandum
543 4217 605 4312 quin
626 4207 685 4292 έφυ
714 4220 790 4269 retus
822 4232 894 4270 error
915 4218 950 4272 sit
971 4206 1109 4272 librarii''
1091 4232 1150 4288 εχει
1172 4215 1283 4270 scribere
1304 4211 1396 4270 ‹leben-

269 4301 315 4354 tis.
359 4296 388 4354 ld
410 4317 473 4374 ergo
493 4300 608 4371 reposui.

358 4379 408 4442 79.
435 4382 510 4438 Libri
536 4372 671 4451 οπωςδ’
695 4372 842 4452 cubavere,
870 4381 939 4459 quoti
960 4381 1102 4484 explicare
1111 4381 1212 4440 studuit
1231 4397 1301 4438 nnus
1323 4379 1395 4439 scho-

271 4466 417 4524 liastaruur.
459 4465 600 4535 lichinus,
631 4485 706 4542 quern
736 4466 840 4542 qnidam
869 4472 951 4525 secuti
978 4474 1053 4537 sunt,
1086 4458 1169 4537 ὅπως
1200 4459 1239 4539 δή
1254 4458 1395 4525 ”ubsoom

271 4543 461 4607 Porsonusrl’
486 4549 595 4620 delerit,
617 4550 686 4625 quorl
707 4555 784 4610 etiam
806 4553 871 4611 alter·
891 4551 1048 4610 scholiastes
1069 4571 1121 4610 non
1143 4551 1244 4610 violetur
1263 4549 1396 4610 habuisse.
