3028 5136
836 368 883 440 18

685 587 759 660 ΟΔ
770 589 845 656 ΥΣ
848 591 890 656 Σ
894 588 925 656 Ε
938 587 1020 657 ΥΣ.

299 719 462 820 καὶμὴν
488 720 628 820 epilam
653 718 718 794 καὶ
742 719 873 818 monsig?
900 717 1020 794 ἀσκοῦ
1044 715 1150 815 μέτα.

570 935 572 948 ’
677 881 1022 1003 zumurus

300 1061 387 1162 φέρ’
414 1058 638 1165 ἐγκάναξον,
664 1058 716 1144 ὥς
740 1060 977 1158 ἀναμνησθῶ
998 1056 1106 1135 πιών.

691 1268 1021 1391 onrzzrrz.
1068 1376 1069 1380 Ν

232 1397 397 1477 rssttot.

683 1526 1023 1601 ΣΕΙΛΗΝΟΣ.

410 1658 595 1748 παπαιάξ,
621 1667 750 1762 γεῦσιν
772 1661 822 1746 ὥς
843 1658 960 1755 καλὴν
985 1662 1067 1756 ἔχει.

299 1861 580 1886 Γ...-

383 1984 456 2048 154.
499 1984 580 2045 Libri
601 1982 669 2069 φέρ’
693 1981 867 2063 ἒκαᾶταξαν,
888 1986 962 2067 quod
984 1985 1127 2067 explicare
1148 1980 1278 2042 studebat
1299 1979 1406 2041 Casan-

300 2068 391 2127 bonus
415 2067 450 2128 de
478 2080 532 2127 sot.
562 2089 640 2149 poes.
665 2071 689 2130 Ι.
714 2073 745 2132 6.
769 2093 798 2150 p.
821 2073 892 2133 166.
936 2069 1117 2149 Musgravius
1139 2061 1296 2140 ἕκκᾶναξον
1317 2067 1407 2125 conii·

302 2152 412 2223 ciebat,
443 2151 517 2230 qnod
538 2155 647 2233 recepit
669 2153 826 2228 Matthiae,
859 2151 908 2213 sed
930 2155 958 2214 in
980 2153 1178 2223 adnotatione,
1210 2150 1340 2229 quoniam
1361 2147 1407 2210 ἐκ·

300 2230 422 2308 κανάξαι
447 2237 485 2293 sit
512 2235 640 2318 ebebere,
673 2233 826 2319 ἔγκανᾶξαι
858 2248 951 2297 autem
981 2237 1151 2317 infundere,
1190 2231 1404 2314 praeferendum

301 2316 435 2377 iudicavit
460 2318 592 2378 Piersoni
622 2313 811 2382 coniecturam
834 2322 862 2381 in
883 2321 981 2387 Veris.
1006 2342 1034 2399 p.
1058 2318 1129 2381 143.
1152 2311 1316 2400 ἕγκᾶναξαν.
1356 2313 1404 2374 Do

302 2412 421 2480 utroque
443 2403 530 2462 verbo
552 2403 685 2463 dixerunt
704 2405 844 2465 Rusterus
868 2403 903 2464 ad
924 2403 1072 2483 Aristoph.
1096 2401 1152 2481 Eq.
1175 2401 1243 2463 105.
1266 2409 1296 2457 et
1316 2397 1404 2457 Hern-

300 2486 456 2544 sterbusius
478 2485 514 2545 ad
532 2486 679 2547 Pollucem
701 2488 741 2548 X.
760 2491 812 2552 86.
854 2488 937 2547 lubet
957 2498 1049 2546 autern
1071 2485 1124 2544 sibi
1145 2481 1253 2542 infundi
1274 2473 1401 2561 la'rgsser,

301 2579 332 2626 ut
352 2569 512 2630 meminisse
533 2573 641 2650 possit,
665 2593 755 2652 neque
778 2571 960 2631 obliviscatur
981 2590 1011 2629 se
1032 2570 1148 2628 bibisse.
1506 2645 1507 2650 ἵ

384 2669 454 2730 155.
498 2670 579 2729 Libri
605 2666 645 2744 nic
671 2665 763 2746 καλὴν
792 2665 887 2749 ὀσμὴν
914 2669 978 2749 ἔχει.
1027 2668 1181 2739 Rebilus,
1210 2665 1276 2744 quia
1303 2664 1403 2724 Ulixes

300 2749 453 2830 respondet
482 2746 556 2824 εἶδες
575 2748 630 2835 γὰρ
651 2749 760 2832 oderim
782 2753 960 2813 scribendum
981 2752 1097 2831 putabat
1117 2743 1157 2822 ὥς
1177 2743 1268 2828 καλὴν
1288 2743 1405 2828 μορφὴν

300 2832 363 2912 ἔχει.
406 2831 448 2893 Ar
468 2835 508 2893 ita
529 2836 553 2892 si
575 2835 674 2894 Ulixes
696 2837 790 2914 inepte
812 2835 887 2894 dicto
905 2835 1051 2907 liberatur,
1074 2835 1116 2893 bis
1132 2835 1226 2912 inepte
1243 2833 1401 2910 loquentem

300 2916 434 2975 habemus
463 2916 609 2990 Silenum,
640 2918 689 2998 qui
714 2930 744 2977 et
773 2919 890 2977 lormam
912 2918 977 2979 vino
998 2918 1122 2992 tribuat,
1153 2927 1182 2976 et
1203 2934 1264 2974 eam
1285 2915 1402 2974 formam

300 3017 331 3056 se
353 3000 476 3058 olfacere
498 2998 584 3059 dieat.
627 3001 726 3080 ltaque
746 3003 812 3076 alii,
844 3014 876 3062 ut
895 2994 1031 3073 Botbins,
1061 3011 1109 3074 et,
1139 3000 1187 3080 qui
1208 3000 1270 3057 fuse
1291 2996 1326 3056 de
1349 2999 1403 3058 hoc

301 3082 364 3140 loco
393 3080 559 3163 disputavit,
591 3085 732 3144 Frankius
759 3084 862 3165 frigide
890 3087 1038 3165 inepteque
1060 3085 1149 3143 iocari
1170 3082 1282 3142 Ulixem
1304 3082 1403 3140 existi·

300 3176 422 3226 manunt.
473 3167 608 3228 Profecto
639 3170 811 3250 ineptissime
833 3171 972 3230 iocantem
995 3169 1109 3228 lecisset
1128 3163 1295 3244 Euripides,
1328 3165 1353 3222 si
1373 3166 1402 3224 ei

300 3259 449 3329 propterea
481 3254 673 3331 quaestionem
702 3255 783 3312 istam
810 3255 971 3325 tribuisset,
1002 3250 1076 3330 quod
1103 3249 1216 3308 Silenus
1238 3241 1332 3326 ὀσμὴν
1351 3269 1403 3306 vo·
1503 3327 1504 3330 Ἴ

300 3337 393 3391 'cesset
413 3331 512 3413 καλήν.
553 3335 691 3416 Apposite
712 3337 853 3396 Franlrius
873 3337 1072 3396 Theocriteum
1095 3331 1164 3391 illud
1184 3332 1208 3392 1.
1230 3331 1300 3393 14⁹.
1325 3350 1402 3389 com-

299 3416 425 3494 paravit,
456 3421 566 3490 θᾶσαι,
596 3420 697 3496 φίλος,
727 3415 768 3492 ὥς
793 3416 883 3482 καλὸν
904 3416 996 3494 dodra,
1028 3417 1190 3495 monuitque
1211 3434 1266 3474 non
1288 3431 1350 3472 esse
1372 3413 1401 3473 id

299 3497 454 3557 imitatione
475 3499 620 3580 Euripidis
642 3501 757 3561 dictum.
808 3503 875 3561 Non
897 3498 1048 3581 Euripides
1068 3500 1213 3580 peccavit,
1244 3494 1293 3556 sed
1316 3497 1402 3555 libra·
1502 3535 1503 3549 .

297 3580 376 3651 rius,
409 3582 456 3659 qui
482 3583 740 3662 interpretationem
767 3605 818 3663 pro
840 3586 962 3663 genuino
992 3584 1128 3643 vocabulo
1150 3582 1253 3662 posuit.
1280 3579 1401 3659 'Neque

297 3663 372 3721 enim
394 3661 575 3724 dubitandum
596 3664 707 3727 videtur
728 3669 794 3746 quin
814 3667 964 3747 Euripides
985 3667 1149 3746 scripserit:
1171 3668 1270 3748 γεῦσιν
1291 3655 1331 3735 ὥς
1349 3687 1400 3724 κα-

296 3741 350 3825 λὴν
371 3743 434 3825 ἔχει.
477 3747 509 3806 ld
531 3751 665 3830 scriptum
688 3751 775 3810 luisse
797 3749 832 3808 ab
852 3748 1001 3830 Euripide,
1025 3751 1141 3829 eiusque
1161 3747 1291 3806 vocabuli
1312 3748 1400 3804 inter-

296 3832 481 3908 pretationem
511 3852 574 3892 esse
603 3827 712 3914 ὀσμήν,
742 3844 859 3912 apparet
886 3852 922 3892 ex
951 3834 994 3891 bis
1023 3832 1233 3893 Antiatticistae
1254 3829 1347 3890 verbis
1369 3830 1398 3888 in
1500 3883 1501 3910 ,

296 3912 422 3973 Baliari
442 3915 554 3976 Aneod.
584 3939 612 3996 p.
634 3920 685 3988 87,
704 3917 754 3979 31.
778 3912 925 3998 γεύεσθαι.
965 3912 1001 3978 od
1022 3911 1113 3995 μόνον
1134 3913 1182 3976 ἐπὶ
1202 3919 1255 3976 τοῦ
1278 3912 1398 3987 ἐσθίειν,

295 3991 367 4056 ἀλλὰ
393 3997 443 4060 καὶ
470 3998 518 4061 ἐπὶ
538 4005 590 4062 τοῦ
612 3996 838 4077 ὀσφραίνεσθαι,
868 3995 909 4074 ὥς
929 3998 1021 4086 ἐντῷ
1043 4000 1099 4084 βίῳ
1119 3992 1310 4082 γεύεσθαι
1331 3990 1399 4075 μύ-

295 4102 379 4160 ρων.
423 4078 587 4165 Εὐριπίδης
609 4079 756 4145 Κύκλωπι.
799 4084 959 4164 Aliquoties
980 4079 1075 4166 γεύειν
1096 4093 1125 4141 ct
1140 4076 1279 4164 γεύεσθαι
1294 4082 1322 4139 in
1338 4077 1399 4158 cp-

295 4163 375 4242 clope
398 4163 469 4224 dixit
488 4164 659 4246 Euripides,
683 4166 733 4226 sed
754 4187 890 4247 nusquam
900 4166 947 4232 ,de
968 4164 1146 4226 olfaciendo:
1170 4175 1202 4222 ut
1222 4164 1268 4223 bio
1290 4173 1396 4221 tontum

293 4265 410 4320 versus,
442 4270 497 4328 quo
520 4249 548 4308 id
569 4250 687 4323 lecerit,
717 4253 755 4310 sit
775 4253 902 4312 relictus.
945 4249 1083 4330 Apertum
1106 4259 1150 4308 est
1169 4258 1281 4320 autem,
1305 4247 1329 4305 si
1351 4245 1399 4303 Si·
1498 4317 1499 4338 Χ

294 4328 374 4388 lenus
397 4331 519 4390 nondum
537 4343 653 4410 gustato
675 4335 740 4394 vino
760 4341 859 4418 γεῦσιν
878 4337 941 4396 eius
962 4328 1053 4412 καλὴν
1073 4343 1175 4404 vocat,
1199 4331 1323 4400 Ulixem,
1348 4329 1398 4407 qui

293 4413 366 4470 scint
393 4413 515 4474 nondum
544 4436 608 4478 eum
633 4429 778 4496 gustasse,
810 4439 866 4478 nou
896 4418 1000 4478 babere
1028 4415 1102 4495 quod
1132 4424 1251 4495 quaerat
1270 4414 1325 4472 nisi
1348 4423 1399 4471 aut

293 4497 345 4572 φα·
369 4499 448 4558 aera?
476 4517 560 4577 quum
587 4503 709 4562 nandum
729 4505 909 4580 gustaverat,
940 4511 1007 4573 aut,
1038 4499 1169 4580 quonium
1191 4497 1305 4556 Silenus
1327 4496 1397 4554 nibil

292 4577 347 4635 nisi
367 4579 437 4638 vidit
457 4582 567 4656 vinum,
592 4604 676 4663 quum
698 4584 909 4658 infunderetur,
932 4603 999 4644 ανα
1021 4585 1120 4643 ondeta·
1136 4581 1289 4661 soporem?

1492 4637 1497 4712 l
