3022 5140
822 307 848 359 Χ

277 476 404 576 glacis,
428 475 515 576 quod
544 475 675 558 unieum
702 481 753 548 cst
773 473 871 545 huius
899 469 950 544 rei
969 472 1158 569 exemplum
1180 473 1216 547 in
1239 475 1282 548 iis
1306 500 1388 573 ques

276 599 434 670 hahemus
454 592 656 690 tragoediis,
683 599 717 666 et
738 591 881 664 fortasse
902 615 1021 664 novum
1046 591 1125 688 quid
1150 593 1224 664 ausi
1250 601 1388 689 poetaer

231 703 235 716 ’
277 713 353 786 dein
378 711 474 786 chori
498 734 646 805 carmon,
672 709 861 782 miserantis
882 707 1099 781 infortunium
1120 708 1387 785 Andromachae.

279 867 286 874 ’
377 877 468 951 Tum
490 879 658 979 proditio
683 902 815 952 scenam
841 875 1045 968 Hermiona,
1077 900 1157 949 auro
1184 879 1387 978 gemmisque

276 1006 309 1072 et
329 996 484 1096 pretiosis
504 998 650 1070 vestihus
666 994 857 1094 splendens,
884 1020 967 1094 quae
982 1019 1019 1067 se
1034 994 1161 1092 ingenti
1184 997 1271 1070 lastrr
1294 999 1387 1072 lero-

276 1115 475 1210 eissimaquc
512 1113 668 1211 snperbia
705 1115 846 1186 efferens
884 1111 1073 1212 opprobriis
1102 1119 1135 1185 et
1177 1117 1387 1190 contumeliis

276 1238 393 1304 onerat
409 1228 691 1324 Andromacham,
717 1230 865 1326 grauiter
888 1238 922 1303 et
943 1229 1099 1303 decenter
1120 1233 1386 1331 respondentem,

276 1350 373 1449 eique
395 1355 519 1421 certam
543 1355 679 1421 mortem
701 1347 857 1440 minatur,
883 1347 1005 1421 hahere
1025 1372 1062 1420 se
1082 1347 1294 1446 significans,
1321 1376 1385 1450 quo

276 1455 349 1541 earn
372 1465 561 1562 relinquere
582 1466 693 1538 lanum
723 1464 805 1538 deae
832 1475 942 1562 cogat.
1001 1465 1112 1539 Huius
1138 1469 1287 1542 molieris
1318 1478 1386 1543 tam

275 1583 398 1660 stolida
429 1593 480 1656 est
501 1582 658 1674 iactatio,
684 1589 750 1654 tam
771 1582 923 1656 immanis
947 1585 1105 1679 saevitia,
1128 1595 1194 1659 tam
1212 1587 1387 1687 impudens

227 1703 229 1707 ’
274 1702 465 1802 turpitudo,
490 1706 528 1771 ut
550 1698 622 1772 eius
640 1699 807 1795 ingenium
828 1725 1000 1798 moresque
1023 1728 1118 1778 nemo
1137 1729 1203 1776 non
1227 1705 1385 1788 detestari

274 1823 394 1896 debeat
416 1816 664 1913 abominarique
687 1816 981 1893 uehementissime.
1034 1818 1143 1893 Credo
1168 1845 1230 1917 ego
1253 1821 1386 1921 quidem

273 1937 358 2012 hacc
376 1935 542 2036 placuisse
562 1933 838 2026 Atheniensibus,
863 1958 974 2008 verum
998 1936 1074 2010 odio
1096 1937 1387 2012 Lacedaemonio-

274 2081 367 2148 rum,
398 2077 466 2127 non
490 2051 577 2150 quod
607 2051 695 2124 hane
720 2050 817 2124 ualde
843 2051 973 2149 dignam
1005 2056 1177 2152 tragoedia
1210 2081 1385 2154 personam

274 2198 348 2248 esse
375 2179 542 2271 putarent.
600 2168 808 2269 Quamquam
836 2171 886 2244 uis
918 2180 1009 2246 certe
1043 2173 1203 2272 quaedam
1225 2182 1260 2247 ct
1282 2175 1387 2248 rohnr

275 2291 310 2364 in
336 2291 403 2365 ista
425 2287 601 2362 atrocitate
620 2293 683 2360 est.

373 2457 482 2532 Plane
500 2481 578 2530 vero
601 2453 733 2529 loedum
752 2465 803 2529 est
823 2464 857 2530 et
872 2459 1146 2532 contemnendum
1163 2458 1314 2532 Menelai
1333 2459 1387 2531 in-

273 2577 419 2674 genium,
445 2575 515 2673 qui,
541 2582 714 2675 postquam
740 2574 892 2670 digressa
915 2573 1099 2650 Hermiona
1116 2578 1238 2650 chorus
1260 2577 1386 2652 moloc
1458 2579 1461 2584 “

272 2695 408 2770 Paridis
430 2691 554 2766 iudicio
580 2701 655 2764 orte
683 2690 825 2781 cecinit,
855 2691 892 2763 in
918 2716 1051 2767 scenam
1071 2695 1386 2793 proceditpuernm

272 2837 384 2888 sccnm
420 2809 588 2884 adducens
616 2808 883 2882 Andromachae.
951 2808 987 2886 Is
1023 2812 1236 2911 tranquillior
1274 2813 1386 2886 auimo

273 2957 370 3030 quam
390 2929 474 3020 filia,
495 2925 554 3000 sed
582 2951 644 3024 par
666 2923 871 3022 impudentia
892 2934 950 3000 aut
972 2931 1102 3026 turpior
1118 2931 1237 3022 etiam,
1272 2931 1387 3028 optio·

272 3075 346 3124 uem
369 3048 425 3119 dat
439 3041 712 3133 Andromachae,
739 3050 847 3114 utrnm
873 3069 947 3118 sese
971 3048 1151 3121 necandam
1172 3046 1317 3140 tradere,
1342 3071 1385 3120 an

272 3164 418 3238 interfici
432 3162 537 3233 filium
555 3160 646 3233 velit.
689 3156 754 3230 Cui
770 3160 830 3232 illa
846 3186 886 3234 eo
905 3189 969 3261 quo
986 3164 1105 3263 dignus
1124 3173 1175 3238 cst
1194 3172 1386 3262 contemptu
1466 3153 1468 3158 ¹

272 3279 469 3378 respondet,
505 3285 603 3374 atque
636 3278 694 3350 uhi
722 3277 812 3352 videt
841 3305 906 3353 non
936 3282 1094 3356 dimoveri
1123 3284 1216 3356 illum
1248 3283 1290 3354 uh
1320 3283 1387 3354 ista

273 3394 483 3488 conditione,
520 3404 700 3495 conquesta
727 3397 949 3471 tristissimam
982 3410 1106 3475 sortem
1137 3426 1252 3493 suam,
1289 3400 1385 3497 pueri

273 3512 427 3587 seruandi
451 3537 569 3587 caussa
596 3512 756 3611 relinquit
784 3516 943 3589 sacellum
969 3542 1070 3616 seque
1102 3519 1192 3593 dedit
1213 3518 1385 3592 Menelao.

272 3629 326 3703 lhi
346 3629 404 3704 ille
430 3656 497 3704 uon
522 3631 629 3705 solum
645 3631 765 3704 vinciri
785 3656 858 3706 eam
876 3634 990 3727 iuhet,
1016 3637 1073 3709 sed
1097 3638 1197 3711 etiam
1218 3636 1259 3710 de
1280 3661 1384 3734 puero

273 3746 438 3822 statuendi
459 3750 631 3822 urhitrium
653 3748 870 3842 Hermionae,
897 3759 1006 3826 utrum
1030 3755 1141 3829 uivere
1163 3780 1237 3828 eum
1259 3778 1300 3826 an
1322 3780 1384 3827 ne·

272 3865 344 3938 cari
370 3867 470 3959 uelit,
506 3892 542 3942 sc
566 3866 648 3942 dicit
671 3868 873 3965 relinquere,
905 3869 1141 3972 deceptamque
1173 3896 1209 3946 sc
1233 3871 1384 3969 querenti

271 3980 527 4057 Andromachae
547 3983 716 4056 fallaciam
739 3984 915 4058 conlitetur
933 3991 1229 4088 impudentissime.
1286 3987 1384 4061 Unde
1493 4019 1494 4026 ¹

271 4101 333 4172 illa
358 4097 446 4173 hanc
470 4101 708 4200 turpitudinem
737 4101 882 4176 huminis
909 4107 1023 4204 ignari
1049 4108 1264 4183 acerbissima
1289 4115 1384 4180 etse

272 4217 467 4316 dignissima
489 4218 639 4292 oratione
659 4219 820 4328 exagitat.
1224 4217 1226 4222 ’

373 4385 457 4461 Ahit
482 4395 551 4458 tum
574 4385 615 4460 de
630 4411 731 4462 scena
746 4387 936 4488 Menelaus,
960 4417 1055 4490 qnam
1080 4401 1263 4492 sequuntur
1283 4389 1384 4465 mini·
