3026 5134
799 260 852 332 42

545 512 550 522 .
611 533 614 540 ‚
674 463 698 529 I
706 459 872 534 ΟΚΑΣ
880 461 968 532 ΤΗ.

262 608 301 681 αί
326 607 363 682 δ’
393 606 534 690 ἐλπίδες
557 602 739 706 βόσκουσι
766 602 942 712 φυγάδας
948 663 961 698 ,
989 606 1040 692 ῶς
1065 604 1183 714 λόγος.

605 813 653 882 Π
656 812 735 884 ΟΛ
749 816 820 884 ΥΝ
827 815 858 882 Ε
870 817 890 882 l
895 815 935 884 K
936 815 979 882 H
984 817 1033 884 Σ.

258 965 383 1045 καλοῖς
406 958 587 1059 βλίποοσί
611 959 647 1063 γ’
678 960 841 1058 ὄμμασιν
852 1016 865 1049 ,
893 960 1067 1058 μέλλουσι
1093 961 1145 1040 δέ.

671 1169 696 1235 Ι
702 1165 869 1239 ΘΚΑΣ
876 1169 964 1239 ΤΗ.

259 1310 343 1387 οὐδ’
374 1309 395 1386 ὃ
416 1307 554 1411 χρόνος
581 1310 698 1396 αὐτὰς
723 1309 919 1414 διεσάφησ
950 1313 1065 1399 οὔσας
1088 1311 1218 1404 κενοίς,·

606 1517 1030 1594 ΠΟΛΥΝΕΙΚΗΣ.

184 1666 408 1761 δθθέχοοσιν
424 1665 652 1766 Ἀφροδίτην
676 1666 749 1741 τίν’
778 1666 1073 1764 ἡδεῖανκακῶν.

671 1873 963 1944 ιοκΑΣΤα.
1051 1833 1056 1842 ’

256 2013 377 2094 πόθεν
403 2018 439 2093 δ’
470 2017 650 2120 ἐβόσκου,
675 2019 764 2119 πρὶν
789 2017 924 2123 μοίμοις
949 2021 1071 2120 εὑρεῖν
1094 2020 1183 2121 βίον
1190 2051 1204 2110 ;

600 2170 1029 2300 ΠοΛκΝσΙκΗΣ.

254 2371 341 2447 ποτὲ
366 2371 438 2471 μὲν
463 2374 519 2448 ἐπ’
549 2369 651 2478 ἦμαρ
678 2372 797 2470 εἶχον,
824 2373 890 2450 εἶτ’
921 2375 990 2450 οὐκ
1014 2373 1115 2470 εἶχον
1141 2374 1202 2450 ἄν.-

668 2581 960 2654 ΙΟΚΑΣΤΗ.

121 2745 125 2752 ·
254 2724 353 2826 φίλοι
381 2724 422 2802 δὲ
448 2725 588 2828 πατρὸς
611 2726 675 2802 καὶ
701 2728 796 2812 ξένοι
823 2729 858 2804 α’
889 2729 959 2804 οὐκ
984 2727 1155 2829 ὠφέλουν
1160 2758 1175 2818 ,·

606 2934 654 3001 Π
658 2931 738 3004 ΟΛ
753 2935 783 3000 Υ
784 2937 825 3004 Ν
830 2935 890 3003 ΕΙ
894 2935 979 3002 KH
983 2935 1032 3002 Σ.

252 3073 295 3153 εὖ
320 3086 480 3180 πρᾶσσε·
507 3077 556 3153 τὰ
583 3078 705 3179 φίλων
731 3079 769 3158 δ’
799 3077 930 3171 οὐδέν,
954 3079 1003 3178 ἢν
1027 3109 1083 3166 τις
1107 3080 1280 3178 δνςτοχῇ.

336 3437 408 3500 398.
429 3439 505 3498 Libri
527 3448 552 3498 et
572 3439 729 3499 Plutarchus
751 3440 784 3499 de
805 3441 897 3499 exsilic
919 3461 946 3518 p.
968 3439 1041 3502 696.
1062 3441 1098 3500 D.
1110 3433 1378 3516 καλοῖςβλίπουοί
1493 3433 1496 3460 ⁴

250 3517 281 3607 γ’
306 3517 451 3600 ὄμμασιν,
479 3528 532 3582 nisi
561 3525 629 3601 quod
651 3525 736 3584 Mose.
759 3525 784 3584 d.
805 3520 968 3600 βλίαοοσ’.
1010 3527 1054 3584 Ex
1075 3525 1225 3584 huiusmodi
1245 3526 1312 3582 locis
1334 3543 1374 3581 er·

250 3631 295 3668 rer
307 3629 395 3667 eorum
410 3617 483 3666 crtus
496 3608 606 3680 ridetur,
628 3613 672 3685 qui
690 3629 722 3689 γε
744 3620 770 3667 et
791 3607 825 3670 δὲ
845 3615 913 3670 iuter
935 3631 964 3669 se
986 3612 1141 3689 respondere
1162 3615 1321 3668 existimant.
1342 3607 1374 3666 Si

250 3715 314 3752 sarra
335 3703 376 3752 est
397 3698 535 3770 scriptura,
555 3714 587 3770 γε
608 3715 677 3753 αισα
697 3696 837 3774 significat.
897 3696 997 3755 Vellem
1020 3705 1106 3754 tamen
1128 3695 1172 3754 hic
1192 3695 1293 3774 aliquis
1307 3695 1374 3751 liber

248 3783 383 3859 praeberet
404 3779 508 3849 καλοῖς
528 3775 701 3854 βλέπουσαί
711 3775 749 3859 ,μ’
775 3774 920 3857 ὄμμασιν.

335 3886 408 3950 400.
436 3889 523 3968 Vulgo
546 3879 651 3966 ἡδεῖαν
672 3883 755 3950 θεόν.
800 3889 850 3948 Sed
872 3893 987 3968 plerique
1008 3889 1111 3948 codices
1132 3879 1237 3968 ἡδεῖαν
1259 3885 1372 3959 κακῶν,

250 3973 318 4049 quod
339 3974 539 4032 scholiastarum
561 3994 629 4034 urus
651 3997 697 4052 pre
718 3967 826 4056 ἡδίονα
848 3976 950 4034 κακῶν
971 3975 1067 4033 dicium
1088 3977 1197 4052 putavit.

334 4081 407 4146 404.
428 4086 571 4144 Elmsleius
592 4086 626 4143 ad
647 4086 759 4146 Porseri
780 4086 915 4144 Hecubam
936 4105 961 4161 p.
985 4082 1035 4144 79.
1058 4081 1159 4164 (260.)
1181 4075 1219 4160 ἡν
1241 4101 1271 4142 τι
1299 4077 1372 4152 δας-

248 4168 336 4250 τοχῇ.
378 4169 445 4230 Vide
465 4167 551 4230 Elem.
573 4170 654 4230 doctr.
677 4179 751 4230 metr.
771 4171 808 4228 ll.
832 4167 880 4240 14,
900 4169 931 4230 9.
974 4158 1019 4228 Ed
1041 4170 1159 4248 πρᾶσσε
1179 4167 1372 4226 Valckenarius

248 4256 463 4332 interpretabatur
488 4252 652 4332 μηδαμῶς.
694 4256 774 4314 Recte
801 4274 863 4314 vere
892 4258 992 4315 meruit
1016 4254 1168 4314 Bruuclrius
1195 4255 1297 4312 obstare
1326 4245 1371 4321 dl,

249 4340 318 4415 quod
345 4361 396 4400 uun
425 4342 509 4397 solum
536 4342 596 4398 libri
624 4360 713 4398 omnes
735 4344 856 4410 retinent,
878 4339 1021 4398 sedetiam
1044 4337 1201 4398 Plutarchus
1223 4336 1254 4393 de
1276 4336 1371 4394 exsilis

162 4449 165 4456 ·
248 4443 274 4498 p.
296 4421 369 4482 696.
391 4424 424 4482 Ε.
447 4431 473 4482 et
494 4425 591 4483 Sextus
612 4425 760 4500 Empiricus
781 4423 840 4485 adr.
862 4424 944 4486 math.
957 4425 980 4483 l.
1002 4422 1075 4486 279.
1097 4432 1174 4500 atque
1200 4427 1311 4499 sempter
1332 4423 1372 4480 ie·

249 4513 288 4562 ter
309 4507 427 4565 rhetores
448 4507 509 4565 Aldi
530 4508 567 4566 ll.
587 4529 614 4586 p.
636 4507 710 4584 371,
733 4507 784 4568 24.
