3026 5134
807 321 860 398 64

701 508 743 580 K
749 511 777 577 Y
779 511 819 580 K
820 509 861 579 A
865 506 906 581 Ω
920 511 961 584 Ψ.

209 652 271 718 675
284 638 395 725 Οὖτίς
417 668 465 738 με
489 643 626 740 τυφλοῖ
647 639 849 740 βλέφαρον.

725 829 765 899 Χ
775 827 942 902 ΟΡΟΣ.

869 960 939 1036 οὐκ
962 959 1091 1059 ἄρ”εἷ
1116 959 1265 1061 τυφλός.

166 1232 171 1246 Ι
708 1143 972 1220 Krastos<

728 1393 769 1463 Χ
778 1390 948 1465 ΟΡΟΣ.

509 1505 574 1582 καὶ
599 1515 678 1593 πῶς
700 1511 737 1584 o'
764 1504 941 1598 oderade
964 1511 1050 1608 θείη
1075 1504 1237 1612 ταφλόνῐ

710 1697 919 1772 κΥκΛσ
933 1703 978 1775 Ψ.
1067 1685 1069 1692 ’

281 1818 478 1906 σκώπτεις·
517 1820 606 1898 ὅδ’.
636 1822 749 1913 Οὖτις
773 1839 846 1906 ποῦ
867 1831 983 1920 ’onom
1087 1887 1090 1900 .

728 2000 949 2076 ΧΟΡΟΣ.

924 2193 930 2206 ⁰
970 2097 1160 2198 οὐδαμοῦ,
1186 2094 1366 2199 Κύκλωψ.

714 2261 752 2330 Κ
756 2259 829 2328 YK
827 2256 867 2328 A
873 2253 914 2328 Ω
928 2258 970 2331 Ψ.

284 2387 305 2464 ὃ
332 2386 452 2475 ξένος,
477 2387 532 2464 ἵν’
559 2387 686 2489 ὀρθῶς
710 2386 898 2488 ἐκμάθῃς,
932 2390 979 2489 μ’
1005 2384 1204 2478 ἀπώλεσεν,

281 2511 302 2588 ὅ
327 2509 480 2615 μιαρός,
508 2512 549 2600 ὅς
571 2545 638 2614 μοι
663 2514 754 2601 dode
777 2514 821 2592 τὸ
844 2523 959 2615 σῶμα
983 2515 1217 2592 κατέκλυσεν.

723 2689 769 2760 X
773 2686 944 2761 OPOE.

212 2803 403 2891 6806εικὸς
426 2803 500 2909 γὰρ
526 2805 626 2892 οἶκος
650 2807 715 2884 καὶ
739 2806 963 2885 nabataeos
986 2801 1120 2907 βαρύς.
1154 2873 1157 2880 .
1241 2871 1243 2876 .
1297 2837 1300 2848 ·

278 2963 560 2980 m

175 3129 177 3136 Α
280 3060 359 3132 rins,
389 3058 469 3117 onius
500 3055 695 3116 adnotationes
722 3055 915 3118 Rambaebins
938 3055 1047 3118 addidit
1069 3015 1230 3116 casauboni
1256 3053 1329 3114 libro
1353 3049 1390 3112 de

280 3143 406 3223 satyrica
424 3140 503 3220 poesi
529 3161 558 3220 p.
583 3143 655 3205 172.

208 3255 211 3264 ’
363 3241 436 3303 676.
480 3237 556 3299 Edd.
585 3251 651 3300 ante
678 3239 847 3302 Barnesinm
871 3234 927 3306 αὗκ
956 3229 1007 3323 ἆρ’
1032 3232 1063 3303 el
1079 3231 1198 3317 τυφλός.
1248 3234 1329 3297 vio.
1360 3245 1391 3294 et

282 3323 437 3383 Barnesius
459 3315 520 3405 ἆρ’.

363 3422 436 3484 676.
479 3420 556 3482 Edd.
579 3431 649 3482 vett.
672 3415 712 3494 aba
726 3417 763 3502 δὴ
779 3416 836 3484 aab
866 3418 1020 3483 Barnesins
1041 3415 1082 3495 ὥς
1096 3421 1157 3479 sine
1173 3428 1303 3490 accentu,
1324 3435 1389 3476 ver·

281 3515 344 3564 tens
365 3506 473 3564 κλίκσκε
496 3515 526 3567 et
546 3515 578 3565 tu
604 3508 645 3564 stit
666 3508 743 3566 talis.
788 3503 862 3564 Eum
880 3507 991 3584 sequuti
1016 3505 1075 3564 alii.
1118 3503 1210 3562 Recto
1232 3519 1300 3562 vero
1319 3497 1386 3559 edd.

281 3597 351 3648 vett.
374 3587 448 3666 qnod
470 3598 514 3646 est
533 3589 576 3647 sio
596 3597 628 3648 tu
650 3589 691 3648 sels
712 3609 823 3648 eoeoas.
867 3586 981 3648 Deinde
1000 3588 1162 3667 legebatur:
1185 3581 1313 3658 καὶπῶς
1335 3576 1389 3659 σύ,

281 3663 372 3743 tice?
398 3665 435 3732 dv
453 3669 523 3750 θείη
550 3664 677 3747 τυφλόκς
718 3671 799 3732 Flor.
825 3674 855 3735 l.
879 3673 911 3732 2.
941 3670 1073 3744 καὶπῶς
1098 3665 1126 3730 σ’
1150 3658 1230 3741 αὖτις
1255 3661 1293 3752 ἂν
1318 3664 1389 3746 θείη

280 3747 408 3856 veroid&
435 3753 479 3813 Ita
507 3751 685 3813 scribendum
712 3772 774 3814 esse
795 3756 850 3813 iam
873 3751 1012 3814 Canterus
1037 3763 1203 3825 monuerat,
1232 3761 1311 3810 reete
1339 3749 1388 3808 ille

282 3859 362 3910 σεκις
382 3857 500 3918 ponens.

365 3938 438 4000 679.
482 3935 580 3997 Libri:
610 3931 644 4009 ὅς
667 3956 718 4016 μοι
745 3929 816 4008 δοὺς
837 3925 870 3998 vd
894 3939 982 4015 πῶμα
1004 3927 1169 3998 κατέκαυσε.
1212 3931 1321 4011 Magna
1341 3932 1389 3990 bie

283 4022 411 4081 cernitur
435 4021 626 4100 negligentia,
661 4039 716 4099 qua
740 4017 881 4079 Matthiae
909 4039 1000 4099 neque
1028 4017 1169 4098 Scaligeri
1197 4017 1387 4076 coniecturam

280 4103 417 4181 κατέκαε,
454 4124 545 4184 neque
578 4101 695 4162 Canteri
724 4100 878 4166 κατέκλασε
911 4103 1158 4173 commemoravit,
1192 4096 1266 4180 qnod
1295 4108 1387 4158 autem

282 4188 361 4268 ipse,
390 4208 453 4247 oum
477 4206 568 4266 eoque
585 4186 653 4258 eiii,
683 4187 792 4265 recepit
810 4184 995 4262 κατέκλασεν,
1020 4205 1092 4266 quae
1111 4183 1270 4262 Musgravii
1292 4182 1389 4241 conie-

282 4282 364 4330 otnra
389 4282 452 4344 est,
488 4271 587 4330 tribuit
609 4268 746 4341 Roiskio‚
777 4272 825 4348 qni
851 4269 997 4332 κατέκλινε
1022 4269 1110 4328 scribi
1140 4266 1263 4328 volebat.
1312 4264 1388 4324 Mibi

282 4355 388 4433 optima
407 4356 468 4422 visa
487 4364 531 4414 est
545 4351 663 4412 Canteri
689 4351 867 4428 emendatio,
892 4373 964 4434 quae
988 4362 1018 4413 et
1039 4352 1174 4412 facillima
1195 4359 1256 4422 est,
1280 4359 1310 4410 et
1324 4366 1387 4408 enm

282 4439 403 4498 caeteris
423 4437 518 4500 verbis
539 4436 643 4515 optime
666 4438 817 4498 consentit.

364 4535 437 4602 680.
480 4535 562 4597 Libri
577 4529 665 4611 οἶνος.
708 4534 863 4616 Campanus
884 4534 920 4596 ad
935 4533 1045 4598 Eieetr.
1065 4533 1137 4598 681.
1155 4553 1184 4614 p·
1203 4531 1277 4599 309·
1298 4485 1387 4617 ‘dvis’
