3028 5136
770 283 821 360 46

349 465 408 542 ἐπὶ
432 471 562 563 κῶμον
588 467 837 556 ἐκπετασθείς,

349 590 459 690 φίλον
483 588 595 691 ἄνδρ’
628 591 906 696 διιαχκαλίζων,

346 715 405 790 ἐπὶ
430 714 594 814 δεμνίοις
617 745 657 792 τε
682 715 814 802 κάλλος

273 851 278 863 ’
345 827 525 937 χλιδανῆς
549 842 645 935 ἔχων
672 841 819 940 ἑταίρας
880 849 882 852 ’

65 1060 67 1074 ³
175 955 238 1055 505
345 962 594 1063 μυρόχριστος
618 964 776 1066 λιπαρὸν
793 967 864 1064 βό-

253 1105 256 1115 ’
320 1115 531 1204 Ιστρυχον,
569 1087 671 1188 αὐδᾷ
696 1089 758 1179 δι’,
792 1087 920 1191 θύραν
944 1087 1000 1173 τίς
1025 1081 1119 1176 οἴξει
1135 1118 1218 1188 μοι,·

244 1267 526 1281 m...—

247 1357 403 1438 stropham,
427 1355 551 1439 Cyclops
566 1358 729 1433 secundam,
752 1359 871 1421 alterum
887 1359 1090 1418 hemicborium
1107 1361 1247 1418 tertiam·
1269 1358 1354 1434 Quod

247 1452 312 1521 epte
349 1441 471 1516 instituit
499 1454 599 1523 poete,
647 1455 679 1503 ut
707 1465 777 1525 quos
804 1441 901 1503 modos
928 1443 1068 1522 praeisset
1091 1442 1213 1515 chorus,
1245 1445 1293 1523 qui
1322 1445 1353 1502 se

245 1517 412 1586 παιδεύσειν
444 1519 495 1587 τὸν
528 1521 703 1589 ἀπαίδευτον
739 1526 865 1599 dixerat,
902 1524 1016 1585 eosdem
1046 1536 1188 1606 repeteret
1217 1524 1351 1607 Cyclops.

225 1606 410 1685 ¹Legebatur
435 1620 527 1668 autem
549 1606 705 1692 μακάριος,
732 1606 767 1683 bg
794 1605 906 1684 εὖτάζει.
958 1606 998 1668 ld'
1012 1610 1114 1690 scripsi
1134 1603 1247 1690 μάκαρ,
1277 1605 1355 1682 ὅςας

246 1685 360 1764 edidisti
403 1689 471 1750 Non
492 1704 536 1752 est
557 1695 630 1752 enim
652 1692 787 1754 credibile
808 1691 993 1773 Euripidem,
1017 1712 1101 1771 quum
1123 1691 1165 1751 sic
1186 1703 1300 1771 posset,
1324 1692 1354 1751 id

247 1775 433 1853 praetulisse,
463 1774 650 1856 quodminus
672 1787 804 1853 accurate
826 1797 889 1836 eum
913 1777 1034 1834 caeteris
1056 1776 1235 1855 stropharum
1256 1777 1354 1836 metris

249 1867 430 1936 congrueret.

330 1959 435 2020 50255
446 1955 522 2018 Edd.
547 1968 617 2019 vett.
639 1952 694 2020 ὑπ’
718 1951 892 2040 δχκαλίζων,
914 1954 989 2036 quod
1012 1957 1137 2017 correxit
1157 1956 1326 2015 Barnesius,'

329 2055 402 2120 503.
447 2054 610 2136 Legebatur
629 2053 677 2119 ἐπὶ
698 2056 825 2136 δεμνίρις
843 2077 874 2117 τε
894 2051 1006 2129 ξανθὸν
1026 2053 1162 2134 χλιδανῆς
1189 2053 1261 2134 ἔχων
1281 2052 1355 2116 brol-

247 2161 301 2221 ρας
317 2134 514 2222 ’μυρόχριστος
539 2135 662 2222 λιπαρὸς
689 2135 862 2221 βόστρυχον,
899 2157 952 2198 nec
979 2149 1069 2198 metro
1089 2149 1167 2197 recte
1196 2149 1354 2217 exaequato

247 2241 339 2301 neque
367 2235 433 2302 apta
461 2225 612 2283 sententia.
663 2223 739 2283 Nam
763 2224 825 2302 quis
846 2223 1006 2281 cincinnum
1027 2222 1153 2282 mulieris
1176 2241 1206 2280 se
1228 2222 1257 2279 in
1280 2223 1354 2280 lecto

247 2315 346 2365 tenere
375 2305 467 2379 dicat,
496 2317 527 2366 et
554 2327 610 2366 non
638 2308 730 2387 potius
761 2307 849 2386 ipsam
882 2305 1050 2364 mulierem?
1098 2305 1194 2377 Quare
1223 2304 1356 2382 Scaliger

245 2383 387 2469 χλιδανὴν
403 2389 474 2470 ἔχων
493 2387 608 2473 ἑταίραν
630 2391 717 2449 scribi
736 2390 859 2450 volebat.
903 2387 999 2468 Atque
1022 2389 1066 2461 is,
1097 2389 1145 2467 qui
1166 2397 1276 2447 teneret
1292 2408 1354 2446 mu·

246 2473 362 2546 lienem,
395 2495 450 2532 non
472 2475 589 2546 mulier,
621 2475 738 2554 capillos
760 2473 910 2552 unguentis
931 2471 1070 2532 delibutos
1091 2471 1196 2531 babere
1218 2468 1354 2530 dicendus

246 2567 319 2616 erat.
363 2554 439 2637 Apte
461 2557 593 2637 Scaliger
611 2557 785 2636 comparavit
805 2557 991 2617 Horatianum
1009 2553 1078 2614 illud
1098 2554 1138 2614 11.
1158 2552 1253 2613 Carm.
1269 2556 1300 2626 7,
1318 2558 1351 2615 7.

246 2651 401 2700 coronatus
425 2643 549 2701 nitentes
574 2641 751 2721 malobathro
780 2643 868 2717 Syrio
898 2641 1027 2718 capellos.
1076 2637 1144 2696 Non
1167 2636 1264 2695 dubito
1286 2638 1353 2715 quin

246 2723 276 2782 in
296 2718 409 2796 ξανθὸν
431 2721 545 2803 aliquod
567 2723 769 2784 substantivum
793 2724 897 2794 lateat,
922 2721 1046 2800 pendens
1067 2740 1104 2779 ex
1123 2720 1260 2799 χλιδανῆς
1281 2719 1354 2781 ἑταί-

246 2826 318 2888 ραςι
340 2804 390 2867 sed
412 2805 486 2885 quod
508 2805 578 2864 illud
598 2815 661 2865 'esse
685 2804 776 2864 dicam
800 2824 891 2885 neque
914 2805 942 2863 in
966 2804 1086 2876 litteris,
1120 2804 1220 2884 quibus
1241 2799 1354 2876 ξανθὸν
1391 2875 1394 2879 ¹

246 2890 463 2968 scriptumest,
487 2889 611 2960 invenio,
637 2908 727 2967 neque
748 2908 786 2948 ex
804 2888 944 2946 sententia
961 2887 1064 2946 coniici
1079 2897 1182 2965 potest,
1207 2887 1272 2966 quia
1287 2906 1354 2966 per·

246 2974 335 3030 multa
363 2971 483 3049 cogitari
508 2984 626 3051 possunt
654 2982 684 3030 et
710 2972 828 3030 honesta
856 2981 885 3029 et
910 2971 1022 3050 turpia,
1055 2989 1172 3050 quorum
1195 2990 1283 3028 unum·
1305 2970 1352 3029 bic

246 3055 333 3115 fuerit
361 3065 618 3114 commemoratum.
679 3053 744 3127 Sic,
776 3065 807 3114 ut
835 3051 941 3133 aliquid
970 3054 1104 3128 afferam,
1144 3053 1245 3112 litteris
1278 3051 1352 3112 baud

245 3135 328 3198 valde
346 3135 482 3196 dissimile
500 3149 544 3197 est
563 3133 693 3221 χόνθον,
720 3137 795 3219 quod
815 3149 908 3197 tamen
931 3138 955 3196 si
977 3138 1040 3219 quis
1062 3157 1098 3196 ex
1118 3134 1253 3208 Arcadii,
1277 3141 1352 3215 apud

246 3239 328 3301 quem
351 3222 441 3281 solum
462 3233 565 3294 exstat,
588 3221 681 3282 verbis
702 3244 731 3303 p.
750 3225 802 3295 40,
822 3225 853 3285 5.
876 3216 996 3304 χόνθος,
1018 3215 1161 3303 διιόχχος,
1184 3220 1224 3277 sie
1247 3217 1352 3278 dictum

246 3316 374 3384 putaret,
400 3315 432 3364 ut
450 3305 525 3386 apud
543 3304 676 3366 Plautum
699 3307 727 3365 in
749 3305 880 3367 Rudente
901 3305 955 3365 lll.
979 3307 1011 3378 3,
1034 3304 1086 3368 42.
1109 3301 1221 3384 quidam
1242 3301 1352 3364 Veneri

244 3387 332 3448 dicit:

329 3480 358 3531 tc
379 3491 417 3530 ec
437 3472 548 3532 coneda
568 3482 666 3532 natum
687 3492 748 3533 esse
769 3482 938 3534 accurrant.-
966 3489 1034 3531 eevc
1056 3481 1087 3530 tu
1106 3471 1208 3531 Ιιοναια
1230 3470 1353 3530 corebus

908 3572 1045 3614 sernas:

245 3655 302 3696 non
325 3633 527 3715 persuaderet,
552 3638 577 3696 si
598 3638 759 3697 uenalium
782 3575 959 3697 disertioreln
982 3634 1151 3716 produceret
1171 3645 1290 3708 testem,
1314 3653 1352 3695 ex

245 3738 301 3799 quo
332 3739 567 3797 cognosceremus
587 3716 698 3804 χόνθος
719 3733 811 3781 utrum
835 3722 943 3780 concha
966 3739 1001 3779 an
1024 3720 1140 3778 conchis
1162 3729 1255 3778 esset:
1286 3737 1351 3778 nam

244 3802 441 3862 Antiatticista
471 3825 499 3882 p.
522 3806 593 3878 105,
617 3807 669 3868 17.
700 3799 802 3887 κόγχος
833 3802 866 3864 ἐν
885 3807 921 3888 τῇ
945 3801 1089 3886 συνηθείᾳ
1109 3799 1216 3884 λέγεται
1236 3796 1351 3883 βρωμά-

243 3880 309 3948 τιόν
333 3909 361 3947 τι
388 3882 628 3968 λοττυδευόμενον.
669 3887 733 3966 Ego
754 3888 861 3965 igitur,
891 3887 1022 3965 quoniam
1045 3895 1152 3944 certum
1175 3896 1219 3944 est
1238 3879 1356 3960 ξανθὸν,

244 3989 302 4028 non
324 3988 388 4029 esse
409 3969 444 4029 ab
466 3970 605 4052 Euripide
624 3975 770 4050 scriptum,
796 3971 933 4028 incertum
955 3981 1048 4028 autem
1070 3967 1137 4048 quid
1159 3969 1207 4028 ille
1229 3969 1352 4047 scripse·

244 4053 301 4126 rit,
324 4072 471 4114 commune
491 4057 657 4115 vocabulum
679 4055 761 4134 posui
782 4047 900 4128 κάλλος,
922 4073 978 4132 quo
1000 4062 1077 4112 certe
1099 4053 1239 4112 sententie
1259 4051 1351 4131 qualis

244 4133 329 4196 debet
350 4157 387 4196 ex
408 4138 501 4197 verbis
524 4138 661 4218 prodiret.

327 4237 400 4301 505.
446 4237 525 4296 Libri
545 4233 732 4342 μυρόχριστος
751 4229 872 4315 λιπαρὸς
886 4229 1052 4316 βόστρυχον.
1094 4231 1263 4294 Emendavit
1279 4231 1351 4292 Sca·

243 4317 327 4397 liger.
369 4320 552 4400 Musgravius
573 4337 762 4402 μυροχριστον
781 4314 904 4400 λιπαρὸς
922 4314 1087 4400 βόστρυχον.

325 4418 399 4482 506.
443 4417 531 4479 Aliud
551 4439 639 4497 agens
659 4419 799 4479 Matthiae
821 4420 952 4499 scripsit:
976 4419 1017 4479 ud
1027 4417 1114 4498 sores
1133 4417 1241 4475 norbae
1255 4424 1349 4472 αιιιοιιι

243 4509 344 4560 cuntot
367 4496 466 4582 θύραν
486 4503 530 4575 τίς
551 4503 623 4578 olgea
642 4526 710 4584 μοις
739 4504 868 4578 Quamne
888 4505 943 4562 iam
965 4503 994 4578 in
1015 4501 1090 4560 lecto
1111 4501 1226 4560 teneat?
1267 4496 1351 4554 Mus·
