3028 5136
817 310 869 383 82

281 489 434 597 φεύγων
459 489 528 566 ἀπ’
555 492 669 566 οἴκων
694 489 739 576 ἃς
763 490 837 596 ε’γυ)
862 488 992 595 φεύγω
1017 489 1154 595 φυγάς.

283 618 303 692 d
328 617 367 694 d'
393 615 441 712 ἦν
462 613 643 714 ὑβριστὴς
664 618 716 698 ε’ίς
739 617 787 690 τ’.
807 618 897 715 ἐμῆς
919 616 1061 717 μητρὸς
1086 614 1226 717 φόνον,

282 738 350 824 τός
375 740 424 814 θ’
451 739 695 838 αἱματωποὺς
720 739 814 825 θεὰς
840 740 1034 832 ὀνειδίζων
1059 741 1152 840 ἐμοί.

212 863 387 968 955κᾶγώ
412 863 585 947 ταπεινὸς
610 863 666 941 ὢν
687 861 820 961 τύχαις
841 873 922 949 ταῖς
943 869 1096 942 οἴκοθεν

280 991 421 1093 ἤλγουν
448 989 538 1086 μέν,
563 990 705 1092 ἤλγουν
710 1043 723 1077 ,
751 997 963 1092 συμφοραῖς
988 989 1027 1066 d'
1053 987 1266 1087 ἠνειχόμην,

282 1120 362 1190 σῶν
388 1112 428 1189 δὲ
453 1113 644 1213 στερηθεὶς
667 1111 821 1213 ιμ’χόμην
847 1116 953 1191 ἄκων
975 1112 1124 1220 γάμων.

281 1245 356 1314 νῦν
381 1236 472 1326 οὖν,
498 1236 621 1332 ἐπειδὴ
647 1243 847 1336 περιπετεῖς
871 1241 963 1335 ἔχεις
983 1238 1118 1337 τύχας,

283 1361 347 1437 καὶ
373 1361 573 1462 ξυμφορὰν
597 1358 941 1457 τήνδἐῖςπεσοῦσ’
969 1366 1188 1464 ἀμηχανεῖς,

213 1495 276 1560 960
285 1489 362 1572 ἄξω
389 1488 427 1562 o’
455 1487 523 1562 ἀπ’
549 1490 664 1564 οἴκων
689 1487 753 1562 καὶ
776 1488 917 1590 πατρὸς
942 1486 1054 1565 δώσω
1076 1489 1171 1588 χερί.

728 1692 959 1768 ΧΟΡΟΣ.

283 1819 327 1895 τὸ
351 1819 524 1924 συγγενές
548 1850 603 1895 τοι
628 1820 754 1901 δεινόν
759 1877 772 1910 ,
798 1827 840 1901 ἒν
862 1822 1012 1900 κακοῖσί
1035 1853 1075 1897 τε

285 1946 354 2024 οὐκ
381 1948 481 2021 ἔστιν
505 1944 617 2023 οὐδὲν
642 1953 814 2048 κρεῖσσον
834 1948 971 2025 olxec'ov
998 1948 1120 2048 φίλου.

690 2151 848 2224 ΕΡΜΙ
854 2151 935 2225 ΟΝ
936 2152 989 2226 Η.
1038 2167 1040 2171 ’

284 2273 571 2377 νυμφευμάτων
587 2267 665 2378 Ιμὲν
688 2289 768 2358 τῶν
793 2285 896 2380 ἐμῶν
917 2281 1037 2383 πατὴρ
1064 2279 1151 2379 ἐμὸς

284 2403 472 2502 μέριμναν
497 2404 585 2492 ἔξει,
611 2407 704 2484 κούκ
730 2406 822 2505 ἐμὸν
847 2405 989 2506 κρίνειν
1013 2403 1111 2482 ro'ds.

215 2527 370 2602 dhhdll'
396 2527 447 2611 ὥς
470 2524 629 2624 τόχιστα
652 2531 777 2608 τῶνδέ
792 2533 838 2630 μ’
865 2534 1058 2630 ἔκπεμψον
1083 2527 1215 2628 δόμων
1220 2583 1234 2617 ,

286 2641 339 2750 μὴ
361 2654 446 2752 φθῇ
468 2681 516 2750 με
539 2654 702 2755 προςβᾶς
727 2655 839 2755 <luipo
864 2655 929 2731 καὶ
951 2652 1079 2754 μολὼν
1101 2650 1226 2741 πόσις,

289 2935 370 3004 Flor.
388 2935 420 2996 2.
438 2935 527 2994 Taar.
548 2936 643 2996 Gueli.
661 2937 747 2998 lasc.
766 2937 835 2998 Ald.
858 2933 970 3024 ῥᾴδιον.
1013 2939 1162 3017 Pllugkius
1180 2937 1216 2997 ad
1232 2937 1307 2998 llec.
1325 2938 1398 3000 sot.

289 3017 361 3077 haec
383 3017 470 3076 rerba
490 3017 612 3080 ἔκτοθεν
637 3017 667 3082 d’
693 3018 729 3083 οὐ
750 3018 853 3107 ῥᾴδιον
874 3023 1055 3101 parenthesin
1076 3041 1139 3081 csse
1160 3023 1285 3093 monuit,
1314 3020 1400 3080 credo

289 3098 367 3161 ἐστὶν
391 3101 567 3179 intelligens.
607 3102 735 3164 Eatenus
760 3107 814 3164 hoc
835 3125 932 3165 verurn
958 3117 1017 3178 est,
1041 3116 1072 3164 ut
1093 3106 1164 3164 haec
1183 3103 1284 3185 verha,
1315 3106 1400 3163 etiam

289 3181 313 3241 si
340 3182 385 3262 εἴη
413 3185 575 3263 intelligas,
606 3207 662 3247 non
689 3207 753 3247 cum
776 3209 811 3248 ea
828 3189 1039 3249 construetione
1061 3186 1097 3246 ad
1118 3206 1201 3267 quarn
1222 3188 1401 3266 participium

289 3268 414 3344 pertinet
433 3270 616 3329 cohaereant.
986 3293 988 3298 ·

374 3367 447 3428 961.
491 3366 572 3427 Libri
590 3364 623 3430 τό
645 3368 780 3452 συγγενὲς
799 3365 855 3452 γὰρ
873 3364 983 3446 δεινόν,
1013 3368 1045 3431 ἓν
1064 3391 1094 3431 τε
1114 3374 1175 3440 τοῖς
1193 3372 1322 3452 κακοῖς,
1334 3385 1402 3424 con·

291 3445 458 3526 tinuantque
480 3451 535 3508 hoc
555 3450 696 3510 distichon
718 3455 841 3512 orationi
862 3455 985 3514 Orestis.
1028 3451 1072 3511 Al
1087 3463 1118 3511 et
1137 3453 1198 3529 ipsa
1215 3450 1355 3508 sententia
1373 3459 1403 3508 et

292 3529 466 3589 consuetudo
488 3532 652 3612 tragoediae
672 3535 802 3595 dubitare
820 3558 876 3596 non
897 3540 1008 3607 sinunt,
1039 3536 1106 3614 quin
1125 3534 1196 3592 haec
1215 3532 1295 3591 chori
1315 3531 1403 3590 verba

292 3612 359 3669 sint.
405 3612 501 3686 Quare
529 3627 558 3674 et
580 3617 645 3676 huic
666 3617 749 3692 dedi,
781 3630 811 3678 et
831 3644 876 3681 τοι
901 3640 952 3701 pro
971 3614 1026 3702 γὰρ
1044 3617 1143 3696 plisni,
1173 3627 1205 3673 ¹¹l
1221 3617 1250 3674 5¹¹
1269 3615 1313 3674 his
1334 3616 1402 3694 iPSis

293 3694 386 3754 vorbis
405 3698 568 3778 Aeschylus
588 3701 618 3758 in
635 3701 734 3761 Prona.
757 3724 785 3762 v.
804 3705 856 3766 39.

417 3836 419 3848 ·
543 3791 577 3860 τό
597 3800 731 3882 συγγενές
749 3823 794 3863 τοι
814 3796 911 3863 δεινόν
930 3797 950 3879 ἥ
970 3793 1004 3862 θ’
1028 3794 1134 3879 ὁμιλία.

185 3898 188 3904 ’
287 3887 358 3950 'Nec
376 3891 501 3953 dubitavi
519 3897 588 3956 illud
601 3919 706 3977 parum
728 3912 793 3980 apte
814 3899 920 3960 dictum
939 3898 971 3961 ἔν
987 3921 1017 3961 τε
1032 3904 1095 3972 τοῖς
1112 3901 1215 3970 κακοῖς
1230 3903 1404 3955 commutare

294 3991 357 4033 cum
376 3974 408 4038 ἐν
425 3981 541 4041 κακοῖσί
558 4001 596 4043 τε.

376 4074 450 4138 964.
494 4075 615 4139 Minime
642 4081 689 4139 hic
717 4094 811 4162 aptum
832 4081 962 4164 κραίνειν
989 4099 1070 4152 esse,
1099 4075 1175 4159 quod
1191 4075 1344 4136 Elmslelus
1367 4070 1405 4132 ad

294 4155 414 4216 Heracl.
441 4161 510 4222 198.
532 4183 585 4240 pro
605 4163 715 4244 κρίνειν
730 4165 830 4244 reponi
846 4165 971 4237 iubebat,
997 4163 1081 4222 facilc
1097 4161 1247 4238 intelliget,
1268 4158 1316 4237 qui
1332 4157 1406 4214 utri-
1502 4233 1503 4238 η

294 4255 385 4316 usque
402 4242 480 4300 verbi
496 4256 662 4324 potestaten
676 4244 788 4326 locique
805 4249 887 4306 huius
901 4248 1039 4306 rationem
1053 4242 1286 4303 consideraverit.
1305 4239 1403 4301 llavn.

294 4317 392 4400 λέγειν.
436 4323 495 4384 Pro
522 4323 604 4401 τάδε,
633 4327 709 4407 quod
735 4330 840 4388 hahent
858 4330 928 4388 Por.
952 4327 992 4387 Α.
1015 4327 1111 4387 llavn.
1129 4324 1199 4384 Ald.
1222 4324 1340 4402 scripsi,
1372 4331 1406 4380 ut

294 4400 478 4542 Ιᾱθυῖἱμςὶιιε,
508 4405 575 4469 τόδε
598 4429 635 4468 ex
662 4410 748 4471 Lesc.
776 4411 846 4469 Par.
870 4411 911 4469 D.
934 4410 972 4470 Ε.
996 4410 1077 4470 Flor.
1103 4407 1144 4468 A.
1168 4407 1219 4472 to.
1238 4408 1289 4469 ta.
1310 4404 1403 4464 Tanr.

322 4503 357 4542 ue
383 4526 391 4542 .
1020 4509 1025 4518 '
