3022 5140
783 303 845 357 xlv

261 472 333 547 deri
365 471 533 547 debuisset
557 469 816 570 Neoptolemus,
850 497 946 571 qnam
978 483 1014 549 ut
1039 475 1100 549 illa
1125 483 1191 550 tarn
1217 475 1371 552 infestam

259 615 297 665 se
323 591 498 690 praeberet
522 587 744 682 Hermionae,
779 599 814 663 et
840 615 928 664 mors
953 590 1164 690 Neoptolemi
1191 618 1235 666 ex
1261 595 1371 670 aliena

260 733 281 780 a
307 709 439 784 labalae
468 715 661 802 argumento
694 730 811 780 caussa
837 716 1039 806 consequuta
1064 709 1148 784 nibil
1174 710 1215 782 ad
1243 735 1371 808 augen-

258 825 336 897 dum
362 827 397 897 iu
423 823 638 897 Hermionam
664 823 774 896 odium
800 825 979 899 conferret.
1030 825 1125 901 Haeo
1151 836 1259 906 antem
1286 853 1370 926 quae

257 944 293 1015 iu
320 941 535 1040 Neoptolemi
559 941 696 1014 interitu
724 951 876 1016 uersatur
901 944 989 1016 actio
1014 952 1188 1042 tantopere
1214 946 1371 1020 festinata

258 1069 329 1153 est,
363 1069 401 1132 nt
425 1059 554 1131 initium
581 1058 694 1130 statim
720 1059 796 1133 bnis
821 1070 997 1159 sequatur,
1024 1087 1087 1136 neo
1111 1064 1207 1138 loeus
1232 1065 1370 1140 relictus

259 1179 304 1251 sit
338 1177 441 1250 metui
475 1175 630 1249 instantis
663 1175 753 1247 mali.
803 1175 891 1250 Nam
927 1178 1123 1279 simulatque
1150 1180 1275 1255 audiuit
1297 1182 1371 1256 Pe·

256 1297 330 1369 leus
357 1303 494 1367 mortem
521 1293 664 1390 Delphis
694 1293 807 1389 parari
831 1292 1073 1393 Neoptolemo,
1106 1297 1225 1371 adsunt
1251 1299 1367 1372 nuncii

257 1437 380 1512 eorpus
419 1411 541 1484 mortui
592 1413 787 1503 afferentes,
835 1437 898 1486 nee
939 1413 1114 1511 quidquam
1157 1415 1369 1513 relinquitur,

258 1555 355 1630 quam
389 1539 427 1602 ut
451 1528 576 1602 Peleus
609 1553 683 1601 cum
716 1553 820 1625 eoque
853 1529 975 1604 eborus
1006 1533 1245 1609 lamententur:
1272 1559 1368 1631 quem

256 1648 381 1720 luctum
414 1647 607 1719 consolatur
630 1645 752 1720 'raetis
782 1672 844 1739 eo,
877 1647 963 1746 quod
988 1647 1201 1748 Neoptolemi
1225 1653 1368 1749 posteris

256 1789 393 1860 reguum
419 1763 626 1854 Molossiae,
659 1764 789 1838 Achilli
807 1763 920 1838 sedern
944 1765 1087 1840 insulam
1111 1765 1271 1860 Leucon,
1301 1769 1368 1866 ipsi
1414 1853 1422 1870 ,1

256 1891 366 1954 autem
397 1881 503 1954 Peleo
539 1880 822 1953 immortalitatem
856 1880 1033 1979 promittit.
1095 1881 1150 1956 Ita
1181 1884 1368 1982 tragoedia,

256 2023 353 2097 quam
376 1998 550 2095 oportebat
576 1997 726 2073 Menelai
759 2004 793 2070 et
818 1996 1021 2072 Hermionae
1052 1997 1235 2074 infortunio
1264 2000 1367 2095 finiri,

255 2125 369 2189 assuta
395 2123 491 2214 parte
523 2114 634 2186 aliona
657 2114 777 2188 iustam
808 2114 938 2213 quidem
964 2117 1220 2211 magnitudinem
1247 2119 1368 2217 adepta

255 2241 329 2326 est,
370 2232 428 2306 sed
458 2232 506 2304 ita
536 2239 573 2304 ut
606 2231 762 2305 scelerati
789 2232 943 2332 impuniti
976 2233 1125 2326 abirent,
1165 2236 1368 2332 plecteretur

254 2360 365 2426 autem
391 2351 441 2443 is,
476 2351 532 2446 qni
558 2375 623 2422 non
648 2351 761 2422 solum*
785 2351 857 2450 ipse
887 2351 1048 2426 innocens
1073 2347 1158 2445 orat,
1184 2352 1241 2429 sed
1267 2354 1366 2434 etiam

254 2469 448 2544 innocentes
469 2469 669 2541 liberauerat
694 2469 736 2540 ab
766 2467 914 2542 interitu.
961 2469 1010 2544 At
1033 2469 1206 2562 nimirum,
1238 2469 1367 2571 inquiat

253 2587 388 2685 aliquis,
414 2611 479 2659 non
499 2585 624 2659 licebat
648 2584 769 2660 lamam
789 2586 831 2657 ab
853 2585 1095 2683 antiquioribus
1115 2586 1268 2664 traditam
1291 2615 1366 2662 mn-

253 2711 340 2778 tare.
387 2701 442 2776 Ea
466 2727 544 2780 aero
569 2727 625 2775 ars
649 2710 701 2775 est
731 2712 870 2801 poetae,
903 2713 940 2776 nt
965 2712 1024 2776 aut
1049 2730 1115 2778 nou
1138 2705 1242 2801 eligat
1263 2730 1372 2803 rorgo·¹
1413 2802 1416 2808 Ι

252 2832 411 2915 ruentum,
442 2845 485 2896 ex
514 2845 578 2917 quo
596 2819 716 2892 confici
743 2821 829 2892 bone
856 2821 1028 2917 tragoedia
1053 2828 1214 2919 nequeat,
1238 2833 1310 2917 ant,
1335 2826 1365 2897 si

251 2943 374 3037 elegit,
414 2963 481 3010 nou
510 2938 557 3010 ita
588 2944 749 3033 sequatur
784 2935 881 3010 tidem
914 2937 1093 3030 bistoriae,
1126 2949 1163 3014 ut
1196 2965 1268 3022 eam
1298 2967 1365 3019 nou

252 3053 478 3130 accommodet
501 3055 533 3130 ei
556 3053 696 3147 lorunae,
722 3077 806 3150 quae
827 3063 1051 3130 consentanea
1072 3057 1117 3130 sit
1139 3057 1269 3154 legibus
1292 3066 1365 3132 tra·

250 3171 401 3271 goediae.
1087 3183 1090 3194 '

355 3324 518 3417 Quoniam
536 3323 578 3395 ad
595 3321 745 3396 Helenae
762 3347 791 3398 v.
810 3320 920 3395 1421.
938 3347 989 3396 rue
1012 3324 1053 3396 ad
1082 3325 1211 3396 initium
1225 3325 1364 3400 Andro·

253 3443 388 3516 macbae
413 3441 454 3514 de
476 3442 701 3539 nominativo,
723 3440 778 3537 qui
802 3464 864 3536 pro
895 3441 1046 3513 vocativo
1076 3451 1274 3539 poneretur,
1308 3445 1364 3517 di·
1498 3479 1501 3486 .

251 3570 381 3635 cturum
405 3557 611 3653 significari,
646 3581 750 3653 eaque
775 3556 944 3630 adnotatio
973 3583 1037 3632 noa
1059 3561 1169 3657 potuit
1192 3561 1363 3636 commode

251 3678 361 3751 versui
383 3675 467 3774 ipsi,
494 3674 535 3746 ad
554 3698 649 3771 quem
665 3673 821 3770 pertinet,
847 3674 980 3767 subiici,
1003 3677 1059 3750 bic
1077 3676 1117 3751 de
1138 3701 1178 3749 ea
1198 3702 1235 3751 re
1259 3704 1363 3778 expo÷
1500 3729 1501 3736 κ

250 3820 337 3870 nam.
379 3792 525 3889 Legitur
538 3789 625 3863 enim
644 3791 677 3860 in
694 3789 802 3887 primo
824 3817 920 3864 uersu
940 3794 1196 3868 Andromachae
1209 3797 1248 3867 iu
1264 3797 1360 3873 codd.
1499 3823 1501 3840 ¹

249 3912 358 3988 Harn.
382 3911 490 3984 Taur.
517 3905 631 3981 Guell.
662 3914 698 3978 ut
729 3907 764 3994 in
789 3909 870 3985 Ald.
896 3920 930 3984 et
959 3936 1042 4009 quae
1064 3913 1152 3985 bane
1179 3923 1362 4011 sequuntur

250 4029 324 4104 odd.
346 4023 467 4117 arellam
504 4025 539 4098 iu
563 4025 643 4099 Par.
667 4021 712 4098 E.
733 4033 842 4100 autem
871 4037 905 4100 et
929 4028 1023 4103 Flor.
1048 4031 1160 4103 210.
1184 4031 1244 4104 15.
1268 4030 1360 4107 Viot.

248 4145 352 4220 Laoc.
368 4140 471 4235 πόλις
504 4143 644 4240 denique
665 4144 700 4215 iu
715 4143 795 4217 Par.
813 4147 856 4219 A.
876 4145 918 4218 Β.
938 4145 1032 4218 Flor.
1048 4145 1092 4220 A.
1114 4142 1231 4220 πτόλι.
1285 4148 1360 4221 Vo-

248 4265 376 4338 cativus
390 4262 589 4361 alloquentis
608 4269 641 4334 et
663 4262 893 4358 connpellantis
912 4269 974 4352 est,
1001 4263 1221 4337 norninatirus
1243 4264 1360 4340 decla·

248 4383 354 4455 rantis
381 4389 415 4454 ot
438 4379 675 4454 exclamantis:
714 4403 790 4449 nam
820 4378 1021 4453 exclamatio
1047 4381 1283 4457 demonstratio
1307 4393 1358 4458 est
1499 4433 1500 4440 κ
