3026 5134
790 291 844 366 ’56

647 477 725 546 ΣΕ
733 478 756 546 I
759 473 800 545 A
807 476 849 546 H
854 477 894 548 N
899 475 986 548 ΟΣ.
1048 527 1052 536 ·

267 615 382 710 οἴμοι·
409 603 635 708 πικρότατον
659 605 764 682 οἶνον
789 606 933 704 ὄψομαι
956 602 1064 703 τόχα.
1176 677 1179 682 .

650 817 723 891 ΟΔ
736 819 807 886 ΥΣ
815 820 893 888 ΣΕ
904 820 987 888 ΥΣ.

268 949 335 1053 ἄγε
361 945 428 1044 δή,
453 950 641 1026 Διονύσου
666 947 813 1037 παῖόες,
840 948 970 1052 εὐγενῆ
996 948 1120 1038 τέκνα,

198 1087 259 1149 595
268 1073 379 1151 tutor
402 1072 472 1172 μὲν
497 1070 609 1170 ἁνήρ,
634 1074 732 1158 ιῦςθ’
758 1073 867 1174 ὕπνῳ
893 1073 1110 1173 παρειμένος

208 1185 217 1204 ’
267 1195 355 1294 τάχ’
382 1201 421 1282 ἐξ
444 1192 623 1278 ἄναιόοῦς
647 1191 818 1301 φάρυγος
843 1195 984 1293 mutuo
1008 1196 1109 1296 κρέα.

268 1321 382 1406 όαλὸς
405 1321 444 1397 δ’
471 1323 615 1397 ἔσωθεν
641 1320 782 1398 αὐλίων
804 1321 901 1397 ὠθεῖ
922 1319 1079 1398 καπνόν.
1103 1313 1106 1320 ⁴

268 1447 575 1547 παρεοτρέπιοται
603 1445 646 1521 δ’
673 1444 786 1522 οὐδὲν
811 1448 898 1522 ἄλλο
923 1447 1018 1544 πλὴν
1043 1453 1189 1547 πνροῦν

267 1569 471 1658 Κύκλωπος
494 1573 606 1673 ὄψιν·
637 1569 722 1645 ἀλλ’
749 1571 849 1663 ὅπως
870 1572 965 1675 ἀνὴρ
990 1575 1072 1650 ἔσει.

715 1783 930 1858 ΧΟΡΟΣ.

200 1914 405 2016 θοοπέτρας
429 1912 473 1989 τὸ
499 1911 597 2011 λῆμα
618 1909 861 2012 κοῖόόμαντος
884 1915 1021 2012 ἕξομεν.

269 2120 547 2134 -*

270 2263 435 2326 scribendus
456 2266 494 2324 sit
513 2286 542 2325 v.
565 2267 639 2330 592.
690 2266 749 2327 Sed
769 2287 853 2347 quum
874 2287 926 2348 pro
947 2262 1042 2328 ὕπνον
1062 2264 1189 2344 plerique
1211 2262 1275 2322 iibri
1297 2254 1382 2325 οἶνον

270 2349 442 2430 praebeant,
474 2360 551 2409 recte
582 2349 663 2410 datus
690 2362 735 2410 est
760 2353 859 2411 choro.
911 2349 1074 2429 Legebatur
1094 2358 1187 2407 autem
1208 2345 1305 2431 μέμφῃ
1327 2340 1381 2408 τὸν

270 2426 401 2513 ἐραστὴν,
417 2427 475 2515 κᾷν
489 2439 613 2514 τρυφαῖς
628 2429 789 2500 πεπωκότα.
822 2435 929 2495 Merito
947 2431 1071 2493 laudavit
1084 2431 1266 2509 Musgravius
1282 2449 1381 2488 emen·
1497 2443 1499 2460 ¹

272 2515 414 2578 dationem
436 2515 616 2591 casauboni,
638 2513 808 2604 κᾶντρνφᾷς
827 2512 987 2593 πεπωκότι,
1009 2535 1091 2595 quam
1111 2513 1251 2580 Matthiae
1274 2513 1381 2592 aliique
1498 2577 1499 2586 ρ

270 2611 450 2679 receperunt.
495 2599 553 2661 Sed
573 2612 667 2662 tumen
686 2623 742 2662 non
758 2623 828 2682 opus
849 2612 912 2661 erat
928 2594 1083 2662 πεπωκότα
1099 2597 1212 2669 mutari,
1237 2598 1261 2656 si
1279 2595 1381 2656 distin-

271 2695 422 2762 gueretur,
446 2681 551 2763 μέμφεο
570 2679 622 2747 τόν
644 2680 780 2764 ἐραστὴν,
800 2681 987 2768 κάντριιφᾷς,
1009 2675 1173 2756 πεπωκότα,
1194 2679 1229 2739 de
1251 2700 1306 2759 quo
1328 2699 1381 2760 ge·

271 2785 339 2826 nere
367 2767 499 2846 loquendi
528 2766 680 2846 disputavit
707 2768 745 2826 E.
769 2766 937 2827 Wunderus
966 2766 995 2824 in
1022 2783 1143 2824 censura
1165 2761 1265 2824 Aiacis
1286 2761 1381 2822 Lobe-

271 2851 366 2910 ckiani
389 2871 418 2930 p.
442 2853 514 2913 131.
538 2869 618 2929 seqq.

353 2952 426 3012 593.
471 2949 504 3008 ln
532 2949 691 3027 Musgravii
727 2946 851 3008 editione
886 2966 954 3007 casu
982 2965 1017 3006 an
1047 2945 1167 3005 'consilio
1194 2944 1377 3005 distinctum:

271 3031 366 3112 οἴμοι·
395 3026 569 3112 πικρότατον
594 3029 705 3092 ὕπνον·
726 3027 841 3111 όψομαι
860 3025 895 3092 τ’
913 3053 940 3093 α.
981 3027 1058 3089 Edu.
1082 3039 1150 3088 vett.
1181 3029 1260 3109 οἴμοι
1278 3024 1381 3110 πικρό-

271 3138 357 3178 τατον
377 3113 471 3177 ὕπνον
491 3109 604 3194 ὕψομαι
623 3109 703 3194 ccipe.
745 3113 870 3175 Defendi
897 3137 993 3176 οπνον
1013 3124 1124 3194 potest,
1157 3113 1181 3171 si
1203 3114 1326 3172 refertur
1342 3111 1381 3172 ad

273 3198 302 3259 iu
323 3197 398 3278 quod
420 3197 544 3278 Cyclops
564 3197 675 3260 dixerat
693 3195 757 3274 ὕλις
778 3193 956 3279 Γανυμήδην
975 3192 1058 3260 τόνδ’
1083 3195 1155 3275 ἔχων
1175 3190 1381 3276 ἆναπαόσομαι

273 3279 416 3344 κάλλιστα.
468 3281 526 3342 Sed
550 3284 643 3364 aptius
671 3294 733 3356 cst,
764 3283 839 3362 quod
869 3303 906 3344 cx
925 3278 995 3342 Par.
1018 3279 1057 3340 E.
1079 3280 1117 3339 G.
1141 3279 1222 3343 Flor.
1247 3283 1276 3341 1.
1295 3281 1326 3342 2.
1351 3290 1382 3339 et

275 3366 402 3442 margine
427 3365 507 3425 Vict.
536 3367 663 3448 reposuit
686 3367 844 3439 Matthiae,
875 3360 1049 3447 πικρότατον
1068 3357 1148 3426 οἶνον
1168 3357 1280 3443 όψομαι
1300 3357 1380 3442 τάχα.

274 3447 351 3507 Nam
374 3468 458 3526 quum
478 3449 582 3508 chorus
602 3447 724 3522 dixerit,
748 3453 893 3528 vituperas
913 3459 942 3508 et
963 3450 1115 3510 contemnis
1136 3457 1310 3518 amatorem,
1332 3448 1385 3524 qui

275 3541 397 3610 appetas
417 3532 483 3591 cst?
511 3552 567 3590 non
587 3530 691 3592 dehere
719 3533 815 3612 sperni
836 3532 871 3591 ab
892 3531 990 3592 Sileno
1011 3530 1095 3589 talem
1116 3540 1270 3588 amatorem
1293 3529 1382 3606 signi·

276 3613 353 3684 teat,
377 3613 425 3693 qui
447 3633 536 3694 aeque
558 3625 589 3673 ut
610 3615 669 3694 ipse
689 3616 803 3674 vinosus
825 3617 872 3675 sit.
916 3614 976 3673 lam
994 3613 1082 3691 igitur
1097 3613 1143 3672 hic
1160 3623 1237 3672 recte
1257 3630 1382 3692 conque-

275 3697 366 3769 ritur,
398 3695 472 3776 quod
493 3697 546 3756 sibi
567 3698 661 3757 viuum
683 3719 756 3758 nunc
779 3699 910 3758 acerbum
931 3695 1042 3756 evadat.

359 3796 431 3857 595.
475 3795 508 3856 ln
537 3795 602 3858 cdd.
632 3809 700 3858 vett.
733 3799 887 3878 scriptum:
925 3794 1010 3858 ἔνδον
1037 3792 1091 3875 μὲν
1109 3789 1183 3877 erip
1204 3787 1276 3855 τῶδ’
1298 3789 1383 3856 ὕπνω
1419 3835 1422 3842 ,

275 3876 455 3984 παρειρὲνος,
475 3875 539 3962 τάχ’
564 3893 620 3941 ete.
663 3881 804 3941 Distinxit
825 3892 890 3961 post
904 3873 978 3959 ἀνὴρ
995 3877 1188 3957 Musgraviu's,
1213 3855 1382 3957 scripsitque

276 3962 354 4047 τῷό
389 3957 490 4049 ὕπνῳ,
514 3963 590 4044 quod
611 3963 712 4025 deinde
734 3977 890 4044 receptum.
934 3961 985 4022 Isti
1004 3961 1124 4022 articulo
1140 3963 1187 4022 hic
1203 3982 1259 4020 non
1280 3972 1324 4020 est
1341 3959 1383 4020 lo·

277 4065 338 4105 cus.
383 4045 505 4128 Scripsit
523 4047 676 4128 Euripides
696 4044 772 4122 otgo'
794 4047 878 4133 ὕπνῳ
898 4043 1076 4128 παρειμένος.
1214 4099 1217 4105 .

289 4148 433 4309 ‚3459ss-
475 4145 552 4207 Edu.
578 4157 648 4209 vett.
678 4141 828 4230 φάρυγγος
856 4141 969 4232 ιἰθιξορ.
1019 4141 1089 4204 Par.
1119 4146 1156 4210 G.
1188 4145 1268 4204 Flor.
1293 4143 1380 4206 1.2.

277 4253 301 4290 ω
346 4247 397 4291 σει.

360 4330 433 4391 598.
477 4328 524 4388 De
545 4329 684 4408 singulari
703 4349 756 4388 usn
774 4329 857 4389 huius
876 4329 973 4402 verbi,
1002 4325 1254 4410 παρεοτρέπιοται,
1276 4326 1384 4385 monuit

278 4409 420 4488 Scaliger.
471 4410 644 4491 Apparando
674 4415 901 4494 praetermissum
930 4412 1103 4484 emuniuit,
1135 4408 1195 4472 uisi
1212 4421 1244 4470 ut
1263 4418 1384 4470 exurant

278 4494 409 4567 oculum,
432 4496 619 4574 significatur.
