2974 5138
621 285 689 342 xlx

172 447 421 534 Vehementer
452 452 646 557 corruptum
673 457 768 532 aliud
798 455 1017 558 fragmentum
1043 468 1095 538 est
1119 464 1208 562 apud

74 576 336 654 Erotianum
323 602 361 650 ιιι
388 569 549 672 θράσσει
580 601 615 720 p.
636 575 762 650 180.
748 575 825 650 ἐστι
850 574 891 650 ἀὲ
916 575 1033 670 ὀχλεῖ,
1066 577 1117 661 ὥς
1141 578 1206 652 καὶ

76 693 295 795 Σοφοκλῆς
326 695 368 767 ἐν
395 690 537 786 Ἑλένης
569 690 763 790 ἀπαιτήσει
792 691 905 792 φησί,
936 693 1205 793 γυναῖκαά’

77 809 379 934 ἐξελόντες
365 838 388 903 η
421 799 622 908 θράσσει
647 811 788 914 γένυν
812 837 872 884 τε.
926 807 984 892 ὥς
1008 819 1094 886 τοῦ
1120 811 1208 911 μεν

79 924 247 1004 ἓιολον
266 925 498 1030 γραφίοις
529 926 824 1026 ἐνημμένοις.
886 925 969 1001 coo.
996 925 1101 1002 Doro.
1129 933 1209 1006 alo-

77 1043 147 1122 λόν.
171 1046 294 1146 Apud
313 1043 569 1120 casaubonum
557 1073 594 1121 ιιι
611 1048 788 1121 Animadr.
804 1046 845 1120 ad
857 1046 1067 1118 Athenaeum
1076 1043 1158 1120 Vll.
1169 1045 1207 1121 4.

80 1167 128 1236 oli
154 1167 224 1238 ille
250 1163 446 1304 fragmenta
463 1160 647 1262 Sophoclis
664 1165 815 1263 collegit,
840 1192 874 1263 p.
891 1161 981 1256 486,
997 1165 1034 1235 7.
1048 1164 1207 1262 scriptum

79 1291 124 1354 ost
150 1275 366 1382 γραφείοις
390 1279 605 1377 ἐ,νημμένοι
633 1307 766 1375 errore,
798 1305 865 1356 non
892 1280 1044 1356 consilio
1092 1280 1212 1354 limn-

79 1400 214 1472 clius
200 1423 242 1472 ιι]
273 1398 473 1495 fragmentis
493 1395 675 1497 Sophoclis
701 1400 825 1474 edidit:
850 1397 1072 1498 ἣθράσσει
1080 1396 1207 1524 γένυν,

81 1514 140 1602 ὡς
152 1522 235 1592 τοῦ
259 1511 340 1612 ’μὲν
375 1509 504 1600 αἰόλον
532 1512 712 1618 γραφέας
740 1515 978 1611 ἐνημμέναι,
1012 1513 1145 1589 sensum
1171 1539 1208 1588 se

80 1634 204 1708 elicere
246 1658 322 1705 non
355 1657 455 1731 posse
468 1629 641 1708 lassus.
678 1633 911 1710 Blomicldius
951 1633 1029 1708 et
1015 1657 1052 1704 ιι]
1084 1623 1208 1707 Museo

83 1753 209 1840 critico
239 1757 281 1824 et
315 1749 351 1821 in
383 1751 548 1848 glossario
573 1751 767 1826 Promethei
792 1752 890 1825 adv.
917 1747 1027 1824 649.
1032 1749 1148 1850 γένυν
1171 1751 1208 1822 in
1306 1809 1316 1820 .

83 1874 224 1966 γενῦν
252 1867 385 1988 mutari
401 1869 524 1942 iussit:
554 1863 641 1967 quod
666 1895 771 2006 genus
796 1868 992 1944 emendandi
1015 1876 1110 1968 patet
1132 1867 1209 1940 fru-

84 1992 150 2058 stra
170 1977 278 2060 essei
304 2008 379 2058 nam
406 1986 462 2084 qni
487 1987 576 2060 scire
601 1988 710 2106 possis
734 1997 827 2062 recte
851 1984 1018 2060 mutatam
1031 2009 1105 2060 esso
1125 2010 1208 2084 par·

86 2110 149 2176 tem
181 2104 360 2202 aliquam,
401 2103 469 2176 nisi
498 2112 603 2178 totum
638 2108 736 2204 quale
769 2107 813 2180 ait
838 2104 1075 2180 intellexeris?
1119 2102 1208 2180 Non

86 2223 188 2296 ausim
215 2247 290 2320 ego
315 2220 446 2319 quidem
471 2230 598 2295 certum
619 2224 699 2321 qnid
719 2223 760 2297 de
779 2223 833 2298 hia
851 2224 1001 2298 uersibus
1027 2221 1208 2314 affirmare,

89 2340 163 2436 qui,
191 2340 308 2414 donec
336 2364 357 2411 a
379 2336 517 2414 meliore
539 2340 656 2414 codice
680 2342 843 2412 auxilinm
864 2342 1012 2430 renent,
1037 2333 1209 2436 nou'pos·

90 2465 164 2529 sunt
195 2457 268 2532 nisi
290 2457 482 2532 audaciore
513 2459 705 2533 coniectura
736 2455 883 2553 corrigia
923 2454 982 2528 sed
1008 2461 1119 2527 tamen
1143 2447 1208 2528 hoc

90 2573 204 2647 videor
227 2567 445 2672 intelligere,
476 2573 517 2651 de
541 2576 674 2650 Helena
698 2597 883 2650 sermonem
907 2597 993 2664 csse,
1012 2571 1103 2668 'quae
1129 2578 1208 2643 tan·

68 2689 163 2763 dom
187 2702 415 2790 recuperata,
441 2719 539 2792 quum
564 2694 663 2768 etiam
686 2685 768 2766 anus
791 2692 937 2766 somnosa
964 2687 1069 2762 videri
1093 2689 1208 2780 vellet,

92 2809 278 2882 marcidam
299 2811 392 2884 senio
416 2811 537 2885 faciem
559 2813 638 2886 luco
662 2803 835 2910 pingeret,'
850 2833 915 2906 quo
934 2808 1108 2904 pristinam
1127 2807 1208 2905 spe·

95 2917 176 2998 cicm
200 2929 412 3003 mentiretur.
454 2913 567 3022 Quare
589 2933 674 3002 haec
696 2929 746 3020 sic
765 2927 891 3023 scripta
910 2923 1016 2999 fnisse
1036 2917 1208 3022 suspicora

222 3049 389 3147 γυναῖκα
410 3043 449 3119 δ’
477 3038 675 3132 ἐξελόνιεέ,
707 3043 731 3138 ἣ
757 3038 918 3141 θράσσει
942 3039 1057 3142 γένυν

217 3156 406 3260 χραῖζουά
432 3163 566 3250 ἕωλον,
602 3158 817 3264 γραφιάἰοις
842 3157 1063 3254 ἐνημμένον.

99 3278 266 3356 Μαῖάινο
283 3273 430 3381 potiti,¹
444 3271 541 3382 quae
553 3281 748 3382 prirgendo
766 3290 888 3352 cerat
908 3276 1121 3351 moratam
1137 3299 1209 3368 ge·

104 3418 211 3487 nom,
232 3389 649 3498 ροιιίοάῐιλάιοοαεααι,
675 3393 949 3471 lambentem
972 3391 1037 3492 ope
1062 3393 1209 3492 penicil-

102 3509 218 3587 lorum.

199 3625 356 3733 Denique
387 3634 594 3732 Hesychius.
634 3628 949 3752 ἀναχαιτίζει·
986 3621 1208 3712 ἀναπειθει,
1244 3683 1246 3690 .

104 3735 330 3854 οἰναχαλιῗνοῖ,Ι
350 3741 622 3846 ἀνακρούεται,
647 3748 889 3839 ἀναποάιζει
923 3743 1065 3844 κυρίως
1088 3741 1130 3818 ds
1152 3738 1211 3814 ἐπὶ

106 3867 177 3938 τῶν
191 3869 328 3944 ι’ππων.
373 3873 574 3966 Σοφοκλῆς
588 3868 770 3963 ‘Elector'
748 3862 959 3972 απαιτήοιι.
984 3863 1114 3938 Eodem
1129 3875 1211 3958 per

110 3976 422 4063 finethocSuidaer
445 3983 748 4079 ἀναχαιτίζει.
783 3979 1046 4070 ἀναποάίζει,
1030 3971 1209 4079 ιγ’κόπτει.

109 4089 351 4193 ἅναχαιτίζειν
375 4108 576 4202 Σοφοκλῆς
596 4133 640 4177 το
626 4102 834 4176 ἀπειθεῖν
855 4126 919 4172 και
937 4091 1167 4170 ἀντιτείνειν.Ι

198 4219 341 4295 Addidit
359 4224 413 4297 hia
432 4223 625 4297 Bronckius
643 4219 863 4320 probabiliter
881 4237 961 4286 sane
978 4213 1210 4309 fragmentum,

109 4332 187 4421 quod
201 4361 269 4412 ιιοιι
288 4342 461 4414 nominata·
476 4341 590 4414 labala
605 4337 749 4413 servarit
765 4333 967 4408 Plutarchus
985 4331 1020 4404 in
1035 4352 1212 4427 compara·

110 4441 192 4523 fitne
206 4452 360 4554 Lycurgi
378 4465 412 4530 ot
430 4456 580 4550 Numae,
605 4456 656 4528 sic
673 4453 840 4527 scribeusz
865 4455 920 4550 τῷ
940 4447 1015 4552 γὰρ
1042 4447 1123 4522 ὄντι
1142 4448 1212 4517 τοῦ
