2994 5128
642 375 691 422 XV

105 533 211 604 solum
239 529 327 628 qnod
353 527 640 608 Lacedaemonius
674 546 745 629 est,
789 537 848 611 sed
881 540 980 612 etiam
1011 549 1149 640 propter
1175 544 1228 616 la·

105 658 200 729 hnlae
226 657 389 730 rationem
414 657 614 755 ambignum,
641 663 805 755 dolosum,
832 666 1000 758 uxorium,
1034 677 1080 760 et,
1111 669 1227 740 uldin

105 809 262 856 summum
291 783 467 857 discrimen
494 785 654 860 adductos
668 797 732 881 est,
759 790 972 888 impotentem
995 794 1108 865 animi.
1153 794 1227 867 He-

101 911 210 983 lenam
235 915 302 982 non
327 934 503 1007 possumus
529 913 647 986 mulam
680 939 818 990 vocarer
859 917 894 990 in
928 942 993 1015 qna
1025 919 1109 990 nihil
1135 920 1226 994 aliud

104 1060 201 1131 qoam
237 1037 404 1109 mulierem
441 1062 521 1134 prae
557 1039 682 1113 formae
718 1067 798 1115 cura
844 1052 956 1116 cetera
999 1044 1225 1140 negligentem

102 1161 261 1258 yrarvique
285 1163 481 1259 pendentem
505 1165 707 1258 invenimns;
732 1168 947 1244 Hermionam
969 1193 1061 1262 nero,
1087 1171 1225 1267 ingenui

103 1288 203 1359 animi
227 1289 391 1386 puellam,
427 1291 617 1364 benevolam
644 1291 761 1366 Oresti
786 1303 885 1392 atque
910 1293 1069 1368 Electrae
1077 1347 1090 1387 ,
1126 1297 1226 1368 etiam

101 1415 236 1488 laudare
263 1439 401 1512 aequum
428 1425 493 1488 est.
544 1415 709 1514 Reliquus
742 1431 794 1492 est
819 1421 1011 1516 Tyndarus,
1045 1423 1224 1494 iraonndus

101 1565 225 1632 senex,
259 1542 327 1613 sed¹
344 1542 474 1632 iustus,
508 1549 542 1613 et
568 1567 629 1614 neo
661 1544 750 1616 filiae
776 1567 917 1641 parcens
943 1571 1005 1618 nee
1030 1547 1222 1620 Menelaum

100 1665 265 1763 probans,
296 1663 413 1738 Oresti
437 1673 548 1738 autern
572 1669 690 1741 merito
717 1678 754 1741 nt
786 1670 901 1742 matris
936 1670 1143 1742 interfectori
1169 1673 1223 1744 in·

100 1793 219 1884 lestm,
246 1800 282 1863 nt
308 1793 364 1864 hic
388 1816 518 1890 quoqne
544 1793 726 1867 landandus
758 1796 869 1893 potius
903 1819 998 1892 quam
1031 1796 1224 1893 vituperan-

101 1920 162 1992 dus
192 1919 351 1992 videatur.
403 1917 535 1992 Chorus
561 1921 720 2019 denique,
748 1931 785 1994 ot
809 1945 871 2019 par
896 1930 968 2014 est,
995 1922 1159 1994 laventem
1185 1947 1222 1996 se

99 2047 238 2144 praehet
261 2045 380 2119 Oresti
406 2055 440 2146 et
465 2045 643 2140 Electrae,
686 2073 793 2146 neque
819 2049 854 2120 in
879 2049 943 2121 hac
968 2049 1097 2141 lahela,
1134 2049 1222 2121 sicut

99 2174 135 2244 in
160 2173 249 2265 aliis,
276 2161 444 2245 multaab
469 2198 507 2246 re
533 2175 642 2247 aliena
667 2176 768 2268 canit,
794 2175 855 2248 sed
878 2183 1001 2272 mmor,
1029 2200 1112 2272 qnae
1139 2199 1223 2248 con·

99 2299 239 2372 suetudo
266 2309 317 2372 est
341 2300 535 2398 Euripidis,
577 2301 754 2397 aliquando
789 2301 945 2400 languide
972 2301 1219 2398 interloquitur,
1306 2367 1308 2374 .

99 2435 138 2498 ut
169 2451 202 2498 v.
229 2427 317 2502 529.
344 2429 432 2502 592.
461 2429 573 2503 1145.
631 2427 674 2500 In
700 2427 856 2500 diverbiis
889 2434 998 2500 antem
1024 2428 1131 2500 sicubi
1163 2429 1220 2524 qui

98 2552 279 2650 loquuntur
303 2553 434 2626 inutilia
457 2561 621 2652 quaerunt
646 2562 682 2627 ut
709 2580 740 2626 v.
767 2555 855 2630 ³90.
876 2579 971 2651 seqq.
997 2555 1063 2627 hoc
1088 2577 1221 2651 quoquo

99 2679 141 2751 de
166 2703 257 2752 more
283 2705 343 2754 suo
368 2681 449 2754 feeit
473 2681 668 2779 Euripides.

198 2807 287 2881 Acta
319 2816 372 2882 est
402 2808 576 2906 tragoedia
609 2807 751 2884 Orestes
784 2814 871 2882 teste
904 2807 1086 2881 scholiasta
1118 2805 1159 2878 ad
1187 2831 1219 2878 r.

98 2936 186 3010 361.
221 2934 356 3033 Olymp.
383 2934 505 3009 XCII.
532 2939 570 3010 4.
605 2936 764 3008 archonte
789 2933 926 3008 Diocle.
979 2933 1046 3026 Qui
1079 2939 1220 3030 egerunt

96 3060 295 3151 histriones,
334 3062 422 3132 inter
454 3085 520 3133 eos·
541 3085 605 3156 qua
629 3062 759 3134 ratione
785 3070 897 3156 partes
923 3061 1118 3132 distributae
1143 3059 1220 3131 suo-

97 3185 177 3276 rint,
211 3209 276 3259 non
304 3194 356 3256 est
380 3186 461 3256 mihi
488 3185 600 3256 eadem
628 3209 700 3256 eum
728 3184 769 3256 Ga
786 3184 848 3255 Fr.
864 3185 1055 3258 Hermanno
1082 3192 1219 3256 senten-

97 3312 145 3384 tia
169 3311 205 3382 in
229 3335 270 3383 eo
297 3311 396 3403 libro,
424 3334 521 3407 quem
546 3310 587 3382 de
602 3333 817 3408 personarum
836 3311 925 3382 inter
940 3310 1119 3382 ldstriones
1146 3309 1218 3382 dis-

96 3438 275 3510 tributione
312 3437 531 3534 conscripsit,
572 3438 609 3510 in
641 3461 705 3533 qno
737 3438 797 3510 illo
830 3463 866 3536 p.
893 3441 956 3514 21.
988 3436 1217 3526 Hermionam,
1335 3460 1339 3472 ·

95 3563 282 3660 Phrygem,
316 3563 507 3660 Apollinem
530 3565 573 3636 ab
600 3589 664 3637 uno
690 3565 853 3638 histrione
878 3571 971 3638 actos
997 3563 1146 3653 censuit,
1179 3588 1216 3660 p.

97 3693 147 3765 28
173 3699 281 3762 antem
314 3700 349 3762 et
373 3692 436 3766 54.
462 3715 534 3788 seq.
567 3692 690 3789 primas
722 3700 834 3788 partes
868 3689 985 3764 Oresti
1018 3698 1052 3761 et
1085 3689 1214 3780 nuntio,

96 3818 258 3890 secundas
282 3817 454 3910 Electrae,
481 3818 597 3890 tertias
623 3818 780 3890 Menelao
807 3817 935 3908 tribuit,
969 3816 1008 3886 ab
1034 3815 1135 3887 tertio
1161 3815 1216 3886 ni-

96 3945 221 4016 strione
247 3945 346 4018 etiam
370 3944 547 4035 Helenam,
573 3941 746 4038 Pyladem,
780 3933 1008 4032 Hermionam,
1033 3939 1215 4035 Phrygem,

94 4069 283 4167 Apollinem
319 4075 412 4143 eotos
448 4084 552 4142 ratos.
611 4069 803 4140 Menelaum
835 4076 943 4140 tamen
976 4075 1010 4138 et
1041 4064 1214 4138 Electram

95 4202 151 4272 uni
166 4200 339 4297 eidemque
355 4196 508 4270 histrioni
524 4195 624 4268 tribui
640 4221 752 4292 posse,
772 4195 930 4294 Tyndaro
949 4197 982 4266 e't
992 4191 1150 4289 Apolline
1171 4191 1223 4264 ad·

94 4322 389 4428 τριταγωνιστὴν
412 4324 566 4414 reiectis,
603 4322 730 4394 statuit.
781 4319 860 4418 Ego
896 4321 1027 4417 quidem
1062 4320 1132 4390 veri
1164 4319 1213 4390 si-

94 4454 264 4526 millimum
292 4477 366 4526 esse
392 4459 472 4551 puto
498 4459 537 4522 ut
560 4448 717 4547 primario
753 4449 860 4521 actori
886 4447 982 4519 datae
1008 4447 1074 4518 sint
1099 4453 1212 4547 partes

96 4580 311 4654 difficillimae
337 4590 370 4654 et
396 4604 480 4677 qnae
505 4577 648 4650 anamma
676 4582 747 4648 arte
774 4597 857 4673 opus
883 4573 1060 4660 haberent3
1093 4571 1211 4644 deinde
1300 4589 1302 4594 '
