3026 5134
759 289 819 335 ΧΠ

232 421 286 536 ias
320 463 468 536 miserint
499 462 717 537 ministratum
750 464 812 538 (loo
839 457 1035 562 Delphico?
1092 463 1352 562 Expugnaverit

229 615 308 664 sanc
334 589 500 686 Agenoris
526 589 616 662 lilius
642 589 798 664 Phoenix
825 590 967 688 Tyrum,
994 614 1091 687 quum
1117 591 1259 688 primum
1284 618 1348 690 po·
1489 607 1490 692 J

228 718 310 790 titus
344 724 395 790 ost
428 741 533 814 regno
567 715 769 796 Phoenices.
821 717 870 790 At
904 741 986 814 quae
1019 724 1088 790 tum
1122 727 1238 816 captae
1273 727 1350 792 runt

228 844 385 921 taolieres
411 852 503 918 certo
530 868 596 917 non
620 851 800 942 potuerunt
827 845 867 916 ah
894 845 965 916 eins
991 843 1072 918 filiis
1099 853 1156 918 aut
1172 846 1348 942 nepotibus

228 971 417 1044 consecrari
441 970 594 1067 Apollini
619 994 660 1043 co
681 979 842 1068 tempore,
869 995 933 1067 quo
951 971 981 1043 si
996 996 1060 1044 uon
1078 980 1238 1064 mortuus,
1256 980 1346 1045 certe

228 1099 321 1170 senio
357 1096 543 1193 decrepitas
580 1119 655 1168 esse
692 1097 877 1194 oportebat.
911 1097 999 1188 Quin
1026 1099 1136 1192 etiarn,
1163 1099 1192 1172 si
1220 1099 1348 1195 aliquas

85 1284 90 1294 ,
228 1223 383 1297 Phoenix
416 1224 563 1320 captivas
596 1221 722 1296 fecerat
762 1223 886 1319 Tyrias
934 1225 1108 1316 mulieres,
1150 1249 1208 1298 eae
1250 1225 1346 1321 Tyro

230 1351 361 1447 quidem
388 1349 557 1444 oriundae,
585 1356 619 1421 at
643 1375 709 1423 non
731 1358 891 1448 cognatae
910 1349 1081 1424 Thebanis
1095 1351 1240 1445 inerunt,
1259 1352 1347 1448 quod

231 1478 267 1550 in
292 1478 369 1550 illas
396 1475 524 1550 demum
550 1501 726 1573 earumque
751 1486 905 1575 posteros
924 1477 1024 1570 cadit,
1043 1503 1126 1574 qnae
1146 1503 1218 1551 cnm
1233 1477 1350 1554 Phoe-

230 1603 304 1676 nice
339 1627 382 1676 cx
416 1601 526 1698 Libya
559 1601 728 1676 uenerant.
779 1603 884 1700 Atqui
915 1605 951 1676 in
976 1605 1082 1700 primo
1110 1605 1244 1680 eborico
1270 1629 1348 1678 car-

228 1730 315 1802 mine
346 1754 367 1802 a
399 1754 432 1802 ι.
466 1729 552 1804 245.
584 1729 732 1826 virgines
766 1730 851 1804 istae
884 1731 1112 1828 cognationem
1146 1755 1239 1805 suam
1273 1756 1347 1804 cum

229 1855 402 1930 Thebanis
428 1863 597 1929 testantur
621 1856 896 1931 luculentissime.
946 1856 1098 1954 Apparet
1131 1882 1173 1930 ex
1200 1857 1252 1931 his
1277 1882 1347 1930 rem

101 1969 108 1980 ’
229 1983 440 2057 ιοιιίοοίιιιοιιι
467 1990 682 2057 commentum
710 2007 784 2056 esse
810 1983 1043 2087 scholiastam..
1076 1981 1216 2080 Speras·
1228 1984 1349 2058 melio-

228 2133 268 2182 sa
292 2109 472 2207 protulisse
498 2108 701 2184 recentiores
716 2109 927 2207 interpretes.
956 2109 1043 2203 Quid
1059 2134 1137 2184 vero
1158 2104 1239 2182 illi?
1253 2109 1349 2183 ‘Plc-

229 2235 324 2334 rique
357 2243 544 2309 tacnerunt.
595 2233 680 2307 Nam
718 2235 795 2308 (lum
819 2237 881 2310 toti
908 2237 943 2309 in
969 2237 1128 2309 varietate
1162 2237 1348 2334 scripturae
1397 2285 1401 2294 ·

107 2353 109 2358 ¹
156 2343 157 2350 ἵ
229 2364 416 2438 adnotanda
441 2363 505 2436 vel
519 2362 555 2435 in
581 2362 752 2435 verborum
779 2364 930 2436 formulis
948 2362 1154 2461 explicandis
1173 2362 1347 2457 desudant,

230 2489 301 2563 sere
334 2513 418 2587 quae
450 2490 632 2588 interprete
658 2515 724 2564 non
748 2491 900 2589 indigent
925 2490 1116 2589 explanant,
1143 2491 1260 2585 quibus
1287 2515 1349 2562 an-

229 2624 297 2692 tem
333 2642 417 2715 epus
450 2625 503 2693 est
536 2617 729 2709 enodatorc,
762 2641 802 2690 ea
834 2643 876 2690 ne
909 2617 1171 2690 animadrertunt
1204 2616 1348 2713 quidem.

230 2744 320 2836 Quin
334 2741 580 2816 Valckenarius
607 2766 750 2840 qunque,
776 2744 842 2816 etsi
867 2743 992 2839 aliquid
1019 2744 1192 2817 dicendum
1206 2744 1353 2841 putarit,·

229 2877 405 2968 postquam
448 2865 651 2968 ἀκροθίνια
700 2871 864 2967 primitias
897 2869 1079 2966 spoliorum
1111 2870 1349 2966 interpretatus
1434 2907 1438 2910 ·

231 3005 296 3088 est,
330 2995 548 3094 exemploque
579 2999 614 3070 in
640 3021 712 3069 eam
743 3020 813 3069 rem
838 2995 941 3068 liliam
968 2995 1123 3073 Tiresiae
1150 3021 1351 3074 commemo-

230 3123 330 3216 ravit,
356 3147 469 3220 „quae
496 3124 681 3216 tandem“‚
708 3122 834 3219 inquit,
861 3124 968 3216 „urbs
994 3124 1057 3196 hac
1083 3131 1279 3221 tempestabe
1305 3124 1350 3197 sit

231 3249 418 3324 Phoenices
452 3259 654 3348 expugnata,
680 3250 773 3324 cuius
806 3251 897 3356 ¹uelut
922 3252 1044 3324 eximia
1069 3249 1192 3347 praeda
1217 3251 1349 3347 puellae
1489 3299 1490 3318 ι

231 3378 400 3474 potuerint
426 3401 445 3450 a
470 3379 599 3476 tragico
626 3377 842 3470 considerari,
869 3377 945 3451 dnm
971 3377 1080 3454 silent
1104 3377 1295 3469 reteres„l
1331 3419 1350 3434 -

232 3512 302 3576 stra
328 3505 510 3600 quaesitum
537 3509 630 3577 est.“
654 3503 750 3603 Ergo
777 3513 811 3578 et
834 3505 908 3600 ipse
934 3528 999 3578 non
1026 3503 1123 3578 molo
1137 3503 1349 3602 Agenoridas

231 3653 323 3704 snam
356 3631 504 3728 ipsorum
544 3631 686 3728 aliquam
719 3632 831 3704 urbem
858 3653 1069 3726 expugnasse
1096 3629 1263 3722 credebat,
1290 3631 1350 3703 scal

231 3783 272 3830 ne
300 3744 433 3830 videbat
463 3759 594 3855 quidem
622 3781 694 3830 eam
721 3757 834 3828 mhem
860 3779 926 3828 non
952 3755 1102 3852 potuisse
1128 3757 1227 3831 aliam
1253 3779 1351 3854 qnam

233 3884 360 3982 Tyrum
394 3909 490 3958 osse:
525 3910 568 3958 ex
595 3909 660 3981 quo
687 3882 792 3978 inagis
814 3881 916 3992 ¹ctiam
949 3881 1121 3975 elucescit,
1149 3905 1244 3980 quam
1269 3907 1351 3980 per·

232 4035 329 4086 uersa
354 4011 488 4086 sitista
521 4011 646 4108 opinio.
697 4006 783 4081 Nam
815 4031 913 4106 quum
938 4008 1084 4106 virgines
1108 4010 1188 4084 illae
1214 4009 1350 4107 ipsein

233 4140 387 4212 camninis
420 4138 584 4236 principio
619 4142 738 4208 canant
768 4129 906 4234 Τύριον
937 4133 1052 4233 οἶδμα
1077 4133 1226 4214 λιποῦσ’
1254 4135 1351 4235 ἔβαν

232 4263 441 4347 Φοινίσσας
464 4260 539 4338 ἀπὸ
562 4255 697 4351 νάσου,
724 4263 797 4360 quis
823 4263 961 4336 obsecro
989 4287 1045 4338 eas
1071 4289 1136 4338 non
1163 4262 1287 4360 Tyrias
1313 4287 1350 4338 se

229 4415 303 4466 esse
330 4391 440 4464 dicere
465 4381 660 4489 intelligat?
710 4389 812 4486 Quin,
838 4391 869 4464 si
894 4415 960 4464 non
986 4399 1097 4464 essent
1123 4390 1262 4486 Tyriae,
1290 4389 1350 4462 alr·-
