3028 5136
642 337 692 412 85

106 514 202 616 πρὸς
224 513 370 591 τέκνων
394 510 556 612 ἀπηύρα.

106 644 221 728 θεοῦ,
248 641 345 714 θεοῦ
369 667 430 716 νιν
454 638 629 737 κέλευσμ’
654 637 866 742 ἐπεστράφη

103 759 366 862 μαντόσυνον,
396 764 456 840 ὅτε
482 790 543 842 νιν
564 759 746 865 Ἀργόθεν
770 765 968 864 πορευθεὶς

99 884 393 993 Ἀγαμεμνόνιος
416 887 533 986 κέλωρ

106 1011 262 1089 ἀάότων
287 1012 420 1110 ἐπιβάς
444 1013 615 1100 ἔκτανεν,
636 1010 780 1110 ματρὸς
800 1010 957 1112 φονεύς,
1230 1029 1312 1098 loeo

107 1136 138 1213 oi
163 1136 323 1235 δαῖμον,
350 1135 381 1211 ὥ
408 1137 547 1234 Φοῖβε,
568 1143 647 1220 πῶς
671 1136 874 1232 ποίθομαις

468 1317 766 1420 ἀντιστροφὴ
800 1317 858 1417 β’.

103 1451 238 1529 πολλοὶ
262 1450 302 1529 d'
330 1452 394 1529 ἀν’
417 1447 612 1528 Ἔλλάνων
638 1449 799 1554 ἀχόρους
821 1455 1007 1552 στοναχάς

100 1579 288 1675 μόλποντο
314 1573 515 1654 δυστάνων
539 1577 676 1652 τεκέων
702 1578 829 1673 ἄλοχοι
837 1630 850 1666 ,

103 1847 178 1916 suit,
202 1842 393 1921 nonnullaque
414 1853 520 1902 temere
541 1842 668 1902 mutavit.
713 1841 773 1900 lam
795 1842 861 1900 olim
880 1840 957 1914 dixi,
987 1842 1092 1922 βέβακε
1112 1846 1215 1906 referri

103 1927 140 1986 ad
161 1945 358 2006 praegressum
376 1925 512 2006 βεβᾶσιν,
539 1935 673 2003 recteque
694 1925 820 2002 singulas
838 1926 968 2006 strophas
989 1947 1055 1986 suos
1077 1927 1154 1988 locos
1174 1939 1216 1987 tc-

102 2029 189 2082 nere‚
213 2009 423 2086 sententiasque
444 2009 530 2066 totius
551 2008 684 2066 carminis
705 2005 936 2086 procederehoe
957 2009 1057 2070 modo:
1079 2031 1133 2070 αα·
1147 2032 1217 2072 con·

103 2096 194 2154 ditum
212 2112 230 2152 α
248 2092 326 2151 uobis
345 2093 458 2152 Troiam
475 2091 641 2152 deleoe‘ste‘s?
663 2109 716 2150 cur
729 2088 851 2164 frustra
866 2093 973 2152 creastis
991 2114 1126 2171 pugnare
1147 2097 1217 2156 Tro·

102 2175 207 2236 annos?
230 2176 305 2234 unde
320 2175 488 2233 occulerunt
502 2174 538 2233 ub
554 2175 596 2233 llo
613 2174 731 2232 oriundi
742 2193 827 2250 reges
832 2198 845 2243 ,-
867 2177 971 2234 occidit
985 2179 1070 2235 cltum
1084 2179 1216 2254 Atrides,

102 2260 185 2317 cutus
214 2258 327 2316 caedem
350 2259 428 2315 ultus
451 2267 494 2315 est
508 2257 612 2335 filius,-
642 2256 801 2336 multaeque
829 2257 859 2314 in
887 2257 1013 2334 Graecia
1036 2279 1144 2319 umores
1165 2273 1218 2320 uret

91 2341 179 2420 χόλον
206 2343 359 2410 luxerunt,
383 2349 434 2398 nat
455 2340 495 2398 ud
518 2341 590 2398 οΙὶοε
613 2347 816 2398 concesserunt
837 2341 974 2399 maritos:
997 2361 1054 2399 non
1075 2341 1130 2400 riti
1147 2346 1213 2413 soli,

101 2425 277 2494 Hermone,
308 2423 379 2481 hoec
404 2441 468 2480 sors
494 2422 634 2497 contegit,
661 2421 714 2477 scd
735 2428 794 2478 tota
822 2422 945 2480 Graecia
970 2422 1100 2494 loborat,
1126 2427 1215 2502 Phry-

99 2526 225 2585 gumquc
250 2506 347 2574 clades
371 2507 399 2564 ia
422 2507 482 2563 cies
503 2506 584 2581 egris
605 2501 709 2584 effudit
730 2503 856 2561 caedem.

186 2605 278 2667 1003.
323 2603 404 2662 Libri
429 2600 478 2664 ὅτε
503 2626 565 2676 νιν,
594 2600 669 2660 unde
697 2602 839 2670 Hoathius
863 2623 892 2661 v.
913 2603 1005 2666 1005.
1032 2597 1160 2665 κτεάνων
1185 2606 1213 2663 in

102 2684 220 2748 ἔκτανεν
241 2688 343 2746 mutari
363 2688 455 2748 iussit.
501 2684 647 2746 Seidlerus
669 2681 766 2748 ἔκταν’
791 2681 833 2748 oio
854 2680 962 2768 ματρὸς
978 2681 1094 2764 φονεύς.
1138 2686 1214 2748 Can·

102 2780 181 2829 terus
201 2781 231 2829 et
247 2770 429 2848 Musgrevius
451 2765 468 2830 ό
488 2793 518 2831 τε
535 2774 598 2831 νῦν.

188 2869 281 2932 1007.
324 2866 394 2927 ΑΙιΙ.
417 2866 487 2926 Par.
510 2868 551 2928 D.
573 2868 612 2928 Ε.
635 2869 715 2930 Flor.
736 2865 777 2930 Α.
796 2866 891 2928 Havn.
916 2866 1012 2928 Guelf.
1033 2867 1123 2926 Taur.
1145 2872 1214 2930 πολ-

100 2950 151 3012 tat
176 2945 204 3012 d’
232 2946 269 3012 ἀν
292 2946 437 3012 Ἑλλάνων
461 2946 579 3033 ἀχοραλ,
607 2947 732 3034 ἀχόρους
757 2947 903 3030 στοναχάς.
948 2951 997 3010 Sic
1018 2952 1103 3010 etiam
1125 2950 1210 3012 Lasc.

100 3034 182 3093 Vict.
214 3033 265 3094 sed
293 3029 339 3094 ἀν’
371 3033 523 3106 hahentes,
553 3047 583 3095 et
608 3035 690 3094 Flor.
706 3033 739 3100 2.
760 3036 810 3096 10.
832 3039 881 3098 le.
905 3036 933 3094 in
957 3035 1058 3114 quibus
1085 3029 1216 3115 ἀχόρους

101 3116 248 3195 scriptum.
292 3115 361 3177 Par.
384 3115 423 3174 Α.
447 3118 551 3175 omittit
578 3113 709 3198 ἀχόρους.
752 3115 846 3176 Etiam
868 3118 1034 3176 scholiastes
1056 3116 1126 3195 legit
1146 3114 1212 3200 ἀχό-

119 3221 186 3274 ove,
210 3201 258 3278 qui
279 3199 483 3278 interpretatur
502 3195 567 3261 duel
586 3206 639 3261 τοῦ
660 3193 769 3280 ἀχοράς
785 3204 843 3260 τῶν
858 3195 1032 3276 Ἑλλήνων..
1055 3199 1211 3260 Barncsius

100 3223 207 3342 delevit
227 3277 337 3364 ἀχοραλ.
380 3281 537 3354 Matthiae,
560 3303 623 3341 cum
639 3280 866 3362 Wyttenbachio
888 3281 924 3340 ad
940 3280 1088 3340 Plutarchi
1107 3302 1135 3360 p.
1157 3285 1207 3346 lu.

99 3363 137 3424 C.
163 3369 203 3445 (p.
223 3365 294 3428 184.
313 3363 536 3438 adnotationum)
561 3360 686 3446 ἀχόρους
706 3359 843 3444 στοναχάς
858 3365 992 3444 probans,
1017 3365 1087 3444 legit
1107 3363 1211 3426 πολλαὶ

99 3443 128 3508 d'
152 3443 189 3508 ἀν
202 3441 348 3510 Ἑλλάνων
367 3443 491 3529 ἀχόρους
506 3444 645 3528 στοναχάς
659 3445 799 3528 μέλποντο
816 3442 965 3512 δυστάνων
981 3445 1085 3510 τεκέων
1102 3442 1210 3527 ἀλοχοι,

98 3531 215 3612 vultque
236 3525 273 3594 ἀν
294 3529 329 3590 de
347 3551 378 3590 re
399 3531 511 3611 saepius
533 3533 653 3611 repetita
676 3532 721 3592 hie
742 3530 847 3590 dictum
870 3551 944 3592 esse.
989 3531 1036 3590 Ex
1056 3552 1112 3612 quo
1131 3542 1211 3611 patet

98 3633 164 3674 eum
187 3615 269 3674 huius
290 3614 445 3694 particulae
467 3615 604 3674 rationem
628 3637 685 3674 non
701 3614 832 3675 habuisse
853 3626 1046 3695 perspectam,
1071 3635 1143 3696 quae
1165 3627 1210 3676 est

98 3698 128 3755 in
150 3716 185 3756 eo
207 3699 315 3777 posita,
340 3709 372 3756 ut
393 3696 459 3776 quid
481 3718 533 3776 pro
553 3698 683 3780 exemplo
704 3699 746 3757 rei
763 3699 825 3758 fieri
842 3700 942 3760 solitae
959 3708 1205 3758 commemoretur.

97 3779 157 3840 llic
178 3799 246 3840 vero
269 3801 353 3861 quum
375 3800 422 3840 res
444 3791 522 3840 certo
543 3791 572 3840 et
590 3802 608 3840 a
629 3783 734 3853 certis,
763 3801 835 3860 quae
856 3793 921 3844 sunt
942 3783 1012 3840 istae
1032 3779 1150 3855 πολλαί,
1179 3791 1209 3839 et

98 3873 178 3921 certo
207 3873 333 3944 tempore
361 3863 437 3924 laeta
465 3876 612 3937 narretur,
645 3883 735 3944 neque
757 3867 887 3945 exemplo
909 3883 961 3923 nec
983 3863 1138 3944 particulae
1161 3863 1207 3920 isti

97 3946 177 4004 locus
199 3957 253 4006 est.
300 3946 396 4005 Sensit
425 3947 478 4006 lroc
499 3947 664 4026 Pllugkius‚
696 3945 824 4007 sednon
846 3947 1007 4027 explicavit.
1052 3942 1209 4002 Praeterea
1250 3949 1254 3957 “

97 4029 210 4107 quaerit
227 4029 385 4101 Matthiae,
410 4029 477 4109 quid
498 4031 552 4090 lroc
573 4029 608 4089 ad
629 4049 689 4089 rem
707 4030 810 4102 faciat,
833 4031 965 4088 mulieres
986 4029 1015 4086 in
1031 4038 1115 4086 coetu
1132 4027 1208 4085 viro·

94 4131 159 4170 rum
183 4114 303 4190 gemitus
325 4111 464 4173 edidisse:
489 4133 553 4172 nem
570 4111 644 4191 quod
659 4111 843 4188 Musgravius
860 4113 951 4181 dicet,
975 4111 1094 4169 seminas
1111 4129 1206 4168 coram

95 4195 200 4274 populo
230 4198 328 4274 lugere
357 4197 458 4256 summi
484 4193 591 4254 doloris
619 4192 753 4253 indicium
783 4196 886 4268 fuisse,
917 4192 946 4253 id
967 4201 1022 4251 non
1044 4193 1128 4252 aliam
1150 4193 1208 4251 vim

96 4279 220 4350 habere,
245 4299 327 4359 quam
350 4291 381 4338 ut
401 4297 609 4358 nonnumquam
631 4276 729 4336 dolore
748 4297 899 4359 oppressae
922 4295 1016 4335 coram
1038 4275 1142 4356 populo
1163 4275 1207 4334 lu·

95 4363 209 4433 serint,
239 4381 322 4440 quum
350 4361 379 4420 id
406 4363 512 4440 alioqui
539 4359 673 4422 dedecori
695 4373 787 4434 esset,
812 4381 865 4422 nec
886 4358 1036 4440 quidquam
1057 4357 1134 4418 aliud
1156 4357 1207 4420 do-

95 4461 161 4504 cere
177 4443 339 4522 Musgravii
361 4443 571 4506 adnotationem
587 4442 624 4504 ad
639 4443 751 4504 Phoeo.
771 4448 863 4510 1000.
906 4441 954 4502 Ad
976 4444 1046 4502 lraec
1064 4444 1147 4504 lacile
1163 4453 1208 4502 est

96 4524 280 4608 respondere.
332 4527 408 4588 Nam
436 4528 609 4592 alienissima
636 4546 699 4590 esse
721 4541 838 4610 apparet
859 4550 895 4592 ex
916 4527 959 4588 tis
980 4527 1091 4599 verbis,
1123 4524 1155 4588 ἐκ
1176 4521 1204 4586 δ’,
