3022 5140
685 286 733 340 Vll

145 465 255 530 eutem
287 453 323 528 in
347 451 434 527 locie
454 475 571 526 manue
595 451 884 550 deprehendantur
914 465 1160 552 correctorum,
1200 460 1257 558 qui

144 577 199 649 rel
230 573 385 669 ambigna
418 570 545 667 scripta
581 593 642 668 pro
674 593 736 644 sno
768 573 908 648 arhitrio
941 577 1160 669 mutaverint,
1203 578 1256 650 uel

144 693 270 766 omissa
292 688 540 788 suppleverint,
571 689 623 761 uel
647 694 753 760 metra
776 689 930 766 lahoraro
956 694 1028 766 uisa
1047 695 1081 766 in
1105 694 1254 768 ordinem

143 810 297 906 redigere
310 806 509 897 studuerint,
525 813 701 903 tantusque
715 813 767 880 eet
780 831 934 882 uumerus
951 835 1114 903 uersuum,
1130 812 1164 884 in
1180 812 1253 909 qui-

143 931 205 1000 hus
227 927 366 1001 uoculae
383 923 556 1022 quaedam,
582 949 680 1022 quum
702 924 737 996 in
759 926 987 1024 antiquissimo
1004 929 1091 1002 lihru
1111 929 1253 1004 amineae

142 1053 268 1137 esseut,
294 1045 328 1116 iu
356 1042 432 1114 aliie
458 1040 628 1116 codicihuo
654 1066 726 1116 cum
750 1044 827 1116 aliie
845 1046 1014 1118 uocohulis
1033 1053 1252 1120 commutatae

142 1171 233 1256 sunt,
255 1170 293 1235 ot
317 1182 568 1257 saepenumero,
594 1162 694 1234 etium
711 1162 770 1234 uhi
793 1187 907 1236 omnen
929 1164 1008 1236 lihri
1029 1164 1252 1255 consentiunt,

140 1280 274 1353 librarii
290 1277 419 1350 hiantia
436 1277 589 1374 imperite
608 1279 783 1353 sarcientis
799 1304 915 1354 manue
934 1289 1103 1378 appareat.
1139 1281 1253 1372 Quare
1328 1357 1331 1367 Δ

140 1399 254 1470 uultus
277 1398 367 1470 liher
380 1405 445 1490 eet,
471 1421 567 1495 quem
593 1397 714 1495 ulique
738 1398 833 1493 ecqui
852 1398 966 1491 liceat,
988 1399 1047 1472 cod
1062 1399 1158 1473 modo
1174 1399 1252 1472 hinc

140 1515 240 1586 modo
272 1515 368 1588 illinc
394 1512 637 1611 decerpendum
663 1521 734 1605 eet,
764 1514 851 1610 quod
883 1539 904 1586 a
935 1525 1034 1612 poeto
1066 1516 1251 1613 proiectum

142 1631 248 1704 uideri
271 1633 398 1730 posuit,
423 1655 588 1728 saepeque
613 1629 713 1702 etiam
745 1638 862 1704 eontra
884 1631 990 1704 lihrou
1016 1657 1130 1706 omnes
1150 1635 1251 1706 resti-

139 1748 311 1842 tuendum,
337 1750 424 1847 quod
450 1751 492 1822 ab
517 1747 661 1821 indoctis
686 1749 931 1822 correctoribus
953 1750 1096 1848 positum
1115 1774 1194 1823 uruu
1216 1759 1251 1824 et

139 1867 227 1939 ratio
253 1868 379 1941 erroris
402 1868 525 1964 arguit.
565 1865 606 1938 ln
631 1891 696 1964 poa
710 1892 748 1941 re
764 1866 932 1940 minimam
958 1867 1133 1940 utilitatem
1149 1890 1250 1964 prae·-

139 1985 220 2056 hcnt
242 1983 374 2057 codices
400 1983 623 2057 Taurioensis
646 1991 681 2058 et
703 1983 1003 2082 Guelferbytanus,
1036 1985 1093 2082 qni
1114 2007 1251 2082 perraro

139 2101 266 2198 aliquid
292 2103 449 2194 offerunt,
475 2100 561 2198 qood
584 2127 650 2175 nun
675 2102 710 2174 in
726 2102 852 2176 Aldina
876 2111 934 2176 aut
958 2104 993 2172 in
1020 2103 1097 2174 aliis
1112 2102 1165 2186 ‚uit
1189 2126 1256 2174 co«.

138 2217 270 2292 dieihue
293 2219 466 2316 seriptum.
512 2218 631 2318 ltaque
657 2245 755 2316 quum
782 2221 987 2318 propositum
1013 2219 1188 2310 haberem,
1215 2225 1251 2291 ut

139 2361 211 2408 eam
235 2336 428 2433 tragoediae
446 2337 583 2410 formam
605 2346 903 2434 repraesentarem,
927 2360 1011 2432 quae
1028 2360 1090 2408 nec
1110 2337 1250 2408 harbure

139 2463 197 2526 aot
221 2455 355 2527 ooloece
381 2454 493 2545 dictis,
518 2478 625 2552 neque
643 2454 766 2552 ineptis
791 2454 978 2544 sententiis,
1002 2475 1109 2548 neque
1134 2452 1250 2525 incon-

139 2571 218 2644 ditis
242 2571 388 2645 numeris
412 2572 571 2644 lectorem
597 2579 794 2662 moraretur,
816 2570 882 2646 hoc
905 2577 958 2642 est
981 2570 1095 2660 talem,
1121 2569 1251 2665 qualem

139 2689 182 2761 ah
215 2686 382 2786 Euripide
414 2690 597 2788 prolectam
630 2713 706 2762 esso
737 2713 804 2764 uon
835 2696 924 2761 esset
955 2685 1172 2776 incredibile,
1206 2685 1250 2758 iis

139 2831 224 2905 quae
248 2830 378 2904 qouque
403 2808 438 2878 in
462 2808 538 2881 loco
569 2809 713 2906 optimae
750 2805 938 2882 uiderentur
965 2803 1151 2900 scripturae
1175 2825 1250 2876 esee
1375 2861 1379 2867 .

138 2949 218 2998 usus
250 2948 342 3016 uum,
375 2926 523 2998 indicata
553 2926 726 3023 potissima
752 2924 952 2998 diversitate
978 2919 1154 3011 lectionis,
1185 2943 1249 3016 quo

137 3045 248 3118 lector
271 3044 344 3142 ipse
368 3035 531 3135 iudicare,
557 3053 603 3148 et,
629 3044 658 3115 oi
672 3044 771 3115 aliter
787 3042 940 3132 sentiret,
966 3038 1135 3136 praeferre
1151 3037 1249 3110 aliem

139 3162 347 3258 scriptoram
370 3169 495 3257 posset.
545 3160 623 3233 Nou
655 3185 769 3233 omues
801 3167 910 3230 autem
943 3155 1087 3227 indicaui
1121 3153 1250 3226 diecre-

138 3278 290 3378 puntiae,
319 3278 405 3376 quod
439 3303 552 3350 earum
585 3278 768 3375 permultae
795 3273 880 3346 nihil
905 3273 970 3345 uiei
999 3271 1137 3343 mendae
1160 3277 1249 3360 eunt,

139 3398 266 3469 nullam
282 3395 324 3468 ad
341 3421 452 3468 uerum
471 3393 701 3468 inveniendum
721 3393 898 3465 utilitatem
910 3389 1083 3462 lratreutcs.
1133 3384 1182 3458 Et
1198 3387 1250 3458 uel

139 3516 191 3590 cic
213 3540 330 3590 uereor
352 3538 394 3587 ue
420 3514 633 3611 pluraquam
654 3507 1085 3610 opuoerataduotuuerim.
1121 3505 1249 3596 Quam·

139 3657 237 3731 quarn
263 3633 298 3703 in
324 3631 411 3704 huno
437 3655 534 3728 qnam
559 3630 594 3701 in
620 3630 820 3704 contrariam
847 3636 973 3726 partem
1001 3647 1144 3724 peccare.
1166 3646 1249 3696 cou-

139 3751 259 3825 eultius
283 3749 378 3822 duxi.

241 3909 318 4000 Quo
346 3918 494 4005 tempore
510 3908 776 3981 Andromachum
799 3904 950 3976 docuerit
965 3895 1159 3993 Euripides,
1183 3915 1248 3963 non

141 4036 284 4099 constat.
335 4024 378 4100 si
400 4027 492 4119 urhs,
519 4051 616 4124 qoam
644 4025 821 4117 Menelaus
846 4046 878 4094 u.
902 4019 989 4092 720.
1011 4011 1112 4102 dicit,
1136 4010 1249 4103 Argos

141 4154 211 4236 est,
254 4145 436 4218 uerisimile
475 4152 526 4217 est
566 4145 723 4240 scriptam
763 4163 835 4212 esse
874 4140 1015 4207 exeunte
1049 4126 1248 4224 Olympiade

139 4261 357 4336 LXXXIX.
388 4287 453 4361 quo
476 4271 624 4360 tempore
647 4257 766 4352 Argiui
792 4253 833 4326 ad
858 4259 971 4351 partes
995 4246 1249 4322 Atheniensium

139 4379 358 4475 transierunt,
384 4388 421 4454 ut
446 4380 494 4454 ad.
514 4405 587 4453 eum
610 4377 720 4450 locum
746 4370 908 4446 indicavi.
958 4367 1095 4443 Samuel
1118 4365 1250 4440 Potitus
