2994 5128
654 353 735 404 ΗΠ

1 550 16 567 ··
140 515 306 614 quauitate
333 520 500 586 oneratam
529 513 755 612 vituperarent
760 567 774 609 ,
811 516 922 610 aliter,
949 516 1088 614 opinor,
1125 519 1263 593 statuis-

0 695 1 726 2
139 650 225 734 sent,
253 639 479 736 vidissemque
504 639 538 712 id
565 640 686 737 ipsum,
721 641 809 739 qued
833 643 1098 740 reprebendunt,
1130 645 1166 718 in
1193 646 1263 718 rir-

1 772 2 806 ³
138 770 264 843 tutibus
288 767 387 841 istius
414 766 576 841 sermonis
602 769 833 843 numerandum
860 795 948 863 esse,
974 770 1261 867 necessariamque

139 894 242 970 luisse
267 894 365 966 istam
391 891 618 990 prolixitatem
654 893 695 968 ad
732 885 978 992 exprimendum
1011 897 1127 994 ignari
1145 897 1262 970 boroi-

140 1022 192 1102 nis
224 1018 443 1091 formidinem.
500 1016 657 1094 Numerio
693 1021 822 1117 quidem
856 1047 953 1119 quum
995 1024 1127 1096 omnino
1161 1022 1262 1096 animi

1 1211 2 1224 ,
34 1234 39 1247 ,
141 1144 432 1254 perturbationem,
457 1151 526 1218 tum
552 1146 663 1222 varios
681 1146 985 1245 dissimillimasque
1006 1149 1158 1250 ollamus,
1186 1149 1262 1245 qui-

8 1273 10 1278 ’
141 1272 202 1372 bos
226 1272 323 1344 homo
349 1271 434 1363 iste,
476 1271 552 1342 dum
578 1296 661 1368 quae
695 1282 770 1348 aeta
802 1283 879 1348 sont
904 1275 1027 1366 refert,
1068 1276 1103 1348 in
1129 1275 1262 1378 diversa

140 1397 294 1492 trabitur,
321 1397 509 1504 admirabili
534 1422 614 1472 eura
637 1398 844 1496 signifieatos
870 1402 1031 1476 videmus.
1082 1400 1168 1475 Nam
1189 1403 1261 1500 pri·
1304 1430 1311 1442 ‘

21 1574 23 1582 ι
139 1539 193 1601 iao
218 1549 325 1622 neque
358 1507 646 1618 antistropbioum·
665 1533 717 1596 est
749 1547 880 1601 carmen
912 1527 1016 1617 illud,
1053 1553 1161 1624 neque
1195 1554 1262 1604 non

141 1650 428 1755 antistropbieum.
478 1646 765 1744 Antistropbioum
792 1650 879 1722 euim
904 1651 934 1725 si
959 1658 1069 1742 esset,
1103 1675 1174 1724 eam
1200 1653 1262 1727 ba·

140 1773 234 1862 benet
259 1755 539 1880 aequabilitatem,
567 1798 650 1869 quae
676 1775 775 1872 plane
794 1776 938 1873 apavidi
955 1776 1098 1850 hominis
1113 1777 1264 1872 trepida·

141 1902 232 2001 tione
257 1901 469 1986 abhorreret:
497 1902 527 1974 si
552 1907 661 1976 antem
686 1908 792 1974 totum
816 1927 884 1976 non
907 1902 1180 2006 antistropbioum
1205 1927 1264 1976 es-

142 2036 206 2122 set,
232 2028 375 2102 motibus
402 2028 502 2100 animi
529 2028 660 2125 quidem
686 2029 890 2121 conveniret,
916 2029 976 2106 sed
1001 2053 1068 2102 non
1094 2028 1263 2124 exprime·

140 2163 193 2228 ret
218 2163 341 2230 tantam
367 2156 660 2253 perturbationem,
688 2163 841 2252 quantam
862 2156 1025 2230 eernimus
1042 2163 1110 2228 tum
1135 2155 1170 2228 in
1197 2155 1263 2228 ite-

140 2283 269 2357 ratione
296 2281 485 2388 eorumdem
509 2293 733 2374 numerorum,
763 2289 832 2356 tum
864 2283 970 2379 magis
997 2283 1094 2356 etiam
1120 2282 1156 2358 in
1183 2306 1263 2354 eoe-

141 2409 210 2507 ptis
236 2409 380 2506 quidem,
406 2408 466 2490 sed
491 2434 620 2482 rursum
647 2409 868 2506 interpellatis
885 2409 1129 2483 iterationibus.
1154 2407 1263 2482 Prae·

141 2545 235 2610 terea
265 2560 350 2633 quae
386 2537 441 2610 ael
476 2536 718 2632 antistropbica
756 2537 811 2611 vel
849 2536 972 2610 similia
1012 2535 1262 2632 antistropbicis

141 2669 231 2765 fflb
258 2687 324 2737 non
351 2669 428 2738 sunt
452 2687 495 2735 ex
521 2662 636 2736 eodem
663 2685 784 2759 genere
811 2663 921 2754 metri,
957 2661 1017 2736 sed
1053 2685 1096 2740 ex
1122 2661 1263 2736 dinetus

142 2797 241 2887 atque
266 2789 354 2864 inter
378 2813 416 2864 se
444 2788 659 2864 dissimilibus
686 2788 901 2886 deprompta,
923 2787 1090 2889 oratius,
1119 2811 1264 2884 anapaes

141 2917 249 3010 stiois,
276 2915 496 2990 doebmiaois:
531 2917 587 2990 ubi
621 2925 729 2990 autem
763 2916 974 3013 tranquillior
1005 2914 1159 3013 procedit
1184 2935 1263 2988 nar·

141 3044 248 3134 ratio,
288 3050 422 3128 serram
455 3030 586 3138 quidem
619 3043 747 3117 numeri
779 3022 950 3139 proprium
980 3043 1111 3120 intuli
1144 3065 1264 3117 oaussa

142 3168 345 3249 trochaicum
382 3174 482 3263 atque
522 3167 696 3258 iambicum
730 3189 858 3262 genus,
895 3165 954 3241 sed
994 3167 1081 3241 illud
1117 3166 1282 3262 quadam

141 3293 390 3392 peregrinitatis
416 3275 529 3388 speeie
554 3315 616 3388 per
640 3292 816 3367 inusitatas
848 3291 970 3369 lormas
996 3291 1263 3388 singularemque

143 3420 311 3504 natalexin
337 3419 479 3510 linitum,
514 3418 565 3492 bis
592 3419 691 3492 etiarn
716 3419 866 3506 horroris
890 3426 924 3492 et
949 3419 1096 3521 stuporis
1130 3419 1263 3516 signiti-

143 3546 241 3624 camli
266 3569 384 3622 eaossa
410 3546 566 3621 troebaeo
593 3555 741 3652 sarnunto
773 3546 1032 3644 interpellatmn.
1102 3545 1200 3638 Quod
1234 3546 1264 3618 si
1342 3607 1345 3610 .

130 3675 218 3772 quis
244 3673 469 3770 reputaverit,
502 3674 668 3757 bominem
691 3671 883 3765 barbarum,
918 3695 1056 3768 eamque
1081 3669 1263 3768 Pluygem,

42 3799 50 3808 ’
143 3825 206 3875 neo
229 3800 398 3908 Pbrygem
423 3807 562 3893 tantum,
580 3801 649 3882 sed
675 3800 774 3880 ubam
800 3799 983 3874 eouuobom
1001 3821 1090 3888 asae,
1117 3798 1173 3892 qui
1198 3797 1264 3873 ista
1401 3845 1404 3852 ·

143 3927 275 4022 agitet
299 3926 431 4020 recitat,
457 3927 562 4008 laoile
583 3927 717 4017 sentiet,
748 3949 816 3999 non
842 3923 1149 4022 magisquidquam
1174 3922 1265 4001 indi-.-

142 4077 245 4150 gnum
270 4052 443 4148 tragoedia
468 4052 504 4134 in
528 4053 594 4126 ista
619 4075 762 4149 persona
788 4072 882 4142 esse,
926 4073 1022 4147 quarn
1053 4050 1089 4122 in
1125 4049 1265 4125 excubi-

143 4188 221 4254 tore‘
255 4186 312 4252 ont
344 4179 493 4271 nutrioe,
530 4203 612 4275 quas
633 4176 823 4276 'Aeschylos
858 4176 1027 4251 interioris
1064 4175 1264 4250 conditionis

143 4330 303 4404 personas
329 4305 364 4377 in
389 4306 636 4402 Agamemnone
662 4313 696 4379 et
722 4301 931 4400 Cbeepboris
956 4301 1156 4384 introduxit.
1189 4299 1264 4380 Eos

62 4413 88 4433 ”
145 4456 211 4530 que
235 4433 433 4526 rettulerim,
460 4433 547 4531 quod
573 4431 757 4530 argumenti
782 4431 927 4528 scriptor
951 4429 993 4502 de
1011 4426 1135 4509 Oreste
1162 4429 1262 4507 uicit:

143 4556 187 4636 τὸ
214 4558 342 4670 deamo
368 4567 446 4636 τῶν
471 4557 530 4644 ἐπὶ,
555 4551 691 4660 σκηνῆς
713 4552 1024 4658 εὐδοκιμούντων.
1061 4555 1151 4635 Illud
1169 4577 1262 4649 vero,
