3026 5134
738 333 742 342 ·
801 303 865 350 XIV

272 503 356 576 pone
389 479 555 552 exstincta
586 478 707 551 fuisset
737 479 876 551 libertas
904 478 1086 570 Graeciae,
1109 477 1268 554 Thebani
1292 507 1329 555 se
1354 484 1391 554 in

271 605 411 678 Persico
446 606 536 677 hello
569 605 816 702 praebuissent:
851 631 948 704 quam
980 604 1141 697 ironiam,
1174 631 1260 702 qnae
1290 610 1398 708 plane

271 732 403 830 poetica
428 729 485 825 sit,
511 755 618 830 neque
644 733 906 806 convenientiam
931 733 1074 811 aetionis
1097 740 1168 812 ullo
1194 736 1290 810 modo
1315 745 1393 810 tur·-

272 861 340 952 het,
367 883 407 932 eo
434 860 540 956 magis
566 860 769 952 elucescere,
796 859 884 956 quod
915 863 1002 958 apntl
1028 864 1252 962 Phrynichum
1277 861 1395 938 Phoe-

271 987 382 1059 nissae
417 987 573 1060 mulieres
610 981 737 1058 dudem
770 985 949 1059 Persarum
988 991 1150 1064 luxerint.
1206 985 1280 1062 Ista
1313 1013 1393 1061 verva

272 1109 456 1210 Phrynichi
490 1109 601 1183 lahela
626 1113 838 1210 septuaginta
863 1115 959 1187 annis
987 1126 1062 1190 ante
1087 1117 1297 1190 Phoenissae
1317 1115 1395 1188 Eu-

272 1237 390 1337 ripidis
416 1246 492 1311 aeta
517 1248 589 1312 cst:
610 1257 667 1310 'ex
692 1261 757 1335 quo
784 1241 837 1312 vel
862 1243 936 1315 solo
963 1244 1130 1316 aestimari
1161 1251 1295 1342 potest,
1328 1265 1395 1338 qen

218 1403 221 1412 v
273 1365 506 1463 probabilitate
539 1367 604 1439 iota
637 1366 704 1438 sint
738 1365 894 1440 confictu.
945 1366 1017 1442 seo
1051 1379 1087 1443 ut
1119 1379 1270 1443 revertar
1294 1371 1392 1461 illue,

194 1515 197 1518 ·
273 1493 358 1565 unde
384 1493 554 1590 digressus
578 1515 663 1584 sum,
690 1517 788 1589 quum
814 1517 857 1566 ex
892 1496 1074 1593 virginibus
1096 1497 1284 1594 peregrinio
1310 1519 1395 1569 con-

273 1628 340 1693 stet
373 1621 511 1712 chorus,
545 1619 671 1692 iaciunt
704 1643 764 1692 eae
798 1622 966 1718 imprimo
992 1625 1150 1715 carmine,
1177 1623 1265 1720 quod
1291 1621 1396 1694 lehe-

274 1748 377 1819 bantr'
400 1747 514 1820 dicunt
540 1769 623 1843 quae
648 1747 728 1838 sint,
755 1747 842 1818 unde
870 1750 1031 1840 venerint,
1058 1775 1125 1846 quo
1149 1773 1228 1822 casu
1254 1745 1396 1820 Thebas

273 1875 465 1971 petiverint,
502 1895 666 1970 quumque
702 1883 863 1969 cognatae
889 1876 957 1947 sint
983 1875 1168 1969 Thebanis,
1195 1876 1310 1948 ‹lolcnt
1335 1897 1397 1947 eo·-

170 2051 173 2058 -
273 2025 346 2073 rem
382 2001 491 2093 malis,
535 2009 801 2097 auguranturque
843 2001 923 2072 belli
963 2003 1050 2075 iusto
1097 2003 1186 2075 illati
1219 2003 1396 2075 adversum

275 2127 405 2200 Thebis
425 2127 563 2200 exitum.

339 2351 341 2358 Α
376 2253 450 2326 Iam
482 2254 595 2326 urbem
620 2254 792 2349 ingressus
819 2253 932 2350 prodit
957 2254 1148 2351 Polynices,
1176 2255 1294 2328 stricto
1319 2255 1397 2350 gla-

276 2381 345 2474 dio,
372 2380 414 2454 aul
441 2375 588 2478 quemvis
614 2402 729 2452 sonum
755 2381 875 2477 paride
901 2383 1201 2479 circumspectans,
1228 2405 1308 2454 mox
1334 2404 1397 2452 aa·

275 2516 355 2602 tem,
381 2507 438 2580 ubi
464 2531 538 2582 aras
564 2504 668 2598 videt,
695 2505 876 2604 domosque
901 2529 966 2580 nen
993 2509 1141 2581 desertas
1169 2531 1243 2581 esse
1267 2505 1398 2580 inteni-

275 2635 347 2732 git,
366 2629 548 2732 ¹praesidio
585 2633 720 2705 oleorum
762 2645 861 2731 atque
900 2636 1066 2708 hominum
1098 2660 1173 2708 sese
1206 2636 1395 2708 consolaus·

276 2761 524 2836 commoverint
556 2761 640 2833 haee
672 2761 814 2833 fortasse
847 2763 990 2857 aliquam
1015 2769 1142 2858 laertem
1168 2761 1307 2834 theatri:
1335 2759 1394 2834 scol

277 2889 501 2962 severioribus
532 2881 699 2960 indicibus
732 2909 849 2959 vereor
876 2893 912 2960 ot
938 2887 1034 2960 valde
1060 2887 1258 2985 placuerint.
1309 2885 1395 2961 Num

277 3039 363 3113 parm
395 3013 557 3086 rivlioolus
589 3023 642 3087 est
665 3016 725 3087 ille
752 3037 825 3086 eum
851 3013 963 3110 gladio
990 3037 1065 3108 suo,
1092 3037 1113 3086 a
1138 3038 1203 3112 quo
1230 3015 1309 3112 qoivl
1334 3039 1396 3086 au-

278 3140 353 3215 xilii
387 3150 438 3214 est
471 3141 628 3214 advorsus
661 3149 797 3214 cuneos
832 3135 1034 3234 Thebanos,
1069 3143 1098 3214 si
1130 3143 1237 3238 portis
1273 3141 1398 3214 clausis

276 3268 403 3342 nelina
427 3262 687 3366 intercipiatur?
714 3293 809 3364 quarn
844 3271 979 3341 stultum
1006 3279 1128 3360 autern,
1153 3269 1189 3340 in
1219 3269 1288 3340 aris
1314 3269 1399 3340 deo·

277 3389 365 3466 rum'
385 3417 478 3492 spem
510 3419 635 3493 ponere
668 3396 798 3486 salatia,
826 3395 867 3465 avl
894 3419 976 3490 quas
1002 3397 1032 3468 si
1057 3396 1264 3492 confugeret,
1291 3395 1399 3466 nihilo

277 3523 384 3594 minus
410 3524 444 3596 in
470 3531 636 3619 potestate
662 3530 752 3594 esset
776 3516 961 3593 Eteoclis?
1011 3524 1081 3594 Aut
1105 3546 1170 3594 non
1187 3523 1397 3595 intrare-nr-

278 3650 352 3721 bem
378 3649 529 3741 debebat,
556 3651 587 3722 si
611 3649 749 3720 insidias
775 3653 949 3740 metueret,
977 3657 1034 3720 aut
1059 3651 1089 3721 si
1102 3639 1274 3742 intrasset,
1289 3648 1397 3720 fideu-

279 3788 330 3850 ter
362 3777 534 3874 progredi,
569 3784 606 3847 ut
639 3775 817 3848 morituros
843 3774 1025 3846 intercluso
1052 3777 1174 3868 reditu,
1200 3797 1263 3847 nec
1287 3784 1397 3846 manen

278 3906 349 3977 siue
377 3903 533 3976 vindicta.
585 3901 681 3973 llaec
705 3901 811 3997 igitur
834 3901 1079 3997 reprehendere
1098 3901 1260 3974 dehebant
1284 3923 1398 3999 gram-

278 4032 403 4122 matici,
437 4053 573 4127 quorum
609 4028 650 4098 vlo
681 4025 878 4100 Phoenissis
901 4028 1025 4100 indicia
1050 4026 1218 4120 habenhus,
1244 4051 1311 4100 uon
1337 4051 1399 4098 au-

279 4169 346 4230 tem
371 4158 482 4229 dicere
507 4149 745 4236 ὑπόσπονδος
769 4151 999 4250 Πολυνείκης
1024 4152 1179 4238 οὐδενὸς
1202 4155 1311 4230 ἕνεκα
1325 4177 1399 4226 aa·

279 4281 481 4385 ραγίνεται.
533 4281 631 4384 Nam,
664 4291 702 4354 nt
734 4301 834 4378 snpra
868 4282 991 4355 dictum
1017 4291 1080 4374 est,
1108 4282 1267 4354 adventus
1292 4279 1402 4374 Poly·-

279 4412 363 4484 nicis
388 4433 468 4507 pars
493 4417 546 4481 cst
571 4411 760 4482 necessaria
782 4410 991 4508 tragoevliao,
1016 4410 1168 4506 qnoniam
1193 4407 1227 4478 iu
1254 4429 1296 4479 eo
1322 4429 1400 4476 ver-
