3022 5140
675 305 699 377 9

141 488 324 565 Θετίδειον
350 485 451 585 αὐδᾷ
476 489 568 572 θεᾶς
588 484 704 586 χάριν
729 485 1020 588 νυμφευμάτων.
1253 500 1295 564 20

138 615 223 692 ἔνθ’
254 613 358 689 οίκον
384 614 465 708 ἔσχε
487 608 597 688 τόνδε
620 617 707 696 παῖς
728 613 924 709 Ἀχιλλέως,

93 725 100 736 ”
142 738 266 835 Πηλέα
292 737 331 814 δ’
360 733 537 812 ἀνάσσειν
564 745 632 839 γῆς
657 739 699 834 ἐᾷ
724 737 955 835 Φαρσαλίας,
996 727 999 736 ’

140 865 279 956 ζιῦντοιΙ
304 861 477 966 γέροντος
502 869 689 959 σκῆπτρον
713 862 758 936 οὐ
782 864 905 940 θέλων
929 865 1067 962 λαβεῖν.
1134 905 1137 912 ·

140 987 246 1091 colysi
277 984 408 1085 δόμοις
432 987 548 1071 τοῖςδ
576 987 704 1086 ἄρσεν’
721 986 885 1064 declaro
910 986 1057 1102 κόρον,

137 1299 206 1356 Ριι.
230 1297 269 1356 A.
293 1296 330 1356 E.
355 1308 401 1367 ct,
426 1307 455 1354 ut
476 1294 602 1370 videtur,
635 1301 741 1358 caeteri
763 1296 846 1358 codd.
871 1319 934 1358 cum
956 1297 1021 1358 cdd.
1050 1295 1193 1372 Θεσσαλός
1215 1297 1247 1362 δέ

136 1405 184 1444 νιν
205 1376 285 1452 λεώς.
512 1395 519 1410 “

227 1481 280 1542 211.
330 1478 416 1558 Apud
451 1478 623 1579 Stephanum
653 1479 726 1558 Byz.
759 1499 842 1558 quum
873 1481 1031 1558 legeretur,
1075 1483 1247 1557 Θεοτίδειον,

136 1559 223 1636 πόλις
246 1563 466 1640 Θεσσαλονίκης
510 1557 670 1634 Ελλόνικος
690 1559 721 1623 δὲ
742 1563 807 1640 δίχα
826 1567 878 1624 τοῦ
904 1563 922 1622 δ
950 1565 1056 1642 φησίν,
1085 1560 1144 1626 clud
1168 1564 1247 1630 Θέτι·
1268 1589 1275 1602 ·

139 1649 207 1722 doc,
236 1646 386 1706 Bechclius
411 1639 571 1723 Θεοσαλικὴ
598 1655 628 1702 et
653 1646 718 1724 δίχα
748 1649 854 1718 τοῦτ,
884 1657 915 1704 ut
936 1646 1101 1706 llolsteuius
1123 1668 1246 1746 quoqne,

140 1731 264 1810 scripsit.
309 1729 373 1808 Ego
396 1727 525 1825 nitidem,
558 1747 642 1806 quum
668 1727 813 1790 Θετίδειον
833 1749 850 1786 a
872 1729 966 1788 multis
987 1731 1214 1809 scriptoribuss
1206 1751 1249 1790 ιιι-

141 1812 243 1873 dicatis
272 1834 290 1872 ει
315 1812 496 1872 ΒοοοΙιΙιίο
489 1832 517 1869 m
538 1810 624 1890 Expl.
649 1809 767 1871 Pindari
796 1833 825 1890 p.
844 1813 917 1876 385
953 1813 1116 1874 Θεοτίδειον
1141 1825 1246 1886 autem,

141 1895 217 1976 quod
246 1898 351 1968 sciam,
384 1913 518 1995 nusquam
549 1907 800 1967 commemoretur,
835 1896 875 1954 sic
897 1897 990 1975 potius
1010 1898 1145 1998 scriptum
1163 1899 1250 1958 luisse

141 1992 228 2060 puto:
264 1939 423 2052 Θετίδειον,
444 1973 529 2050 πόλις
551 1975 718 2058 Θεσσαλική.
759 1974 925 2052 Ἑλλάνικος
945 1976 1030 2040 δὲί
1000 1980 1030 2042 δί
1029 2003 1064 2059 χα
1084 1985 1137 2042 τοῦ
1161 1981 1249 2060 δφη-

141 2064 196 2124 οίν.
233 2059 292 2125 ἆπό
320 2067 373 2143 τῆς
404 2025 529 2133 Θέτιδος.
572 2060 641 2121 lude
663 2063 783 2122 fortasse
805 2074 864 2134 cst,
893 2062 968 2142 quod
990 2063 1063 2142 apud
1084 2063 1250 2143 Euripidem

141 2145 206 2206 cod.
236 2148 330 2206 llavn.
336 2087 445 2204 llhabet
479 2143 610 2220 Θέτειον,
640 2144 713 2224 qnod
742 2165 804 2204 csse
835 2147 963 2208 Θετίειον
984 2145 1114 2206 debebat.
1159 2147 1250 2252 Scho-

142 2232 239 2290 liastes
261 2227 378 2288 Pindari
400 2227 436 2286 ad
457 2227 543 2286 Nem.
562 2191 616 2288 lV.
635 2232 686 2290 81.
711 2225 745 2286 de
761 2226 882 2288 Thetide
904 2229 1068 2290 aVulcauo
1090 2233 1166 2290 icta:
1197 2227 1252 2334 τὴν

141 2311 174 2374 δὲ
194 2318 292 2385 κακῶς
312 2313 494 2374 διατεθεῖσαν
514 2309 611 2372 ἐλθεῖν
632 2310 673 2382 είς
697 2310 852 2372 Θετταλίαν
871 2335 922 2373 και
911 2309 1062 2392 ἰαθῆναι
1078 2311 1109 2376 ἐν
1122 2336 1157 2399 τη
1144 2309 1252 2377 πόλει

141 2389 840 2584 ιιι,λιιιιι..ναιιιιιιιι
860 2355 1252 2584 ινιιιλόιιιιι

143 2560 221 2708 {lt
233 2553 688 2709 ίδίείιίίίτίιίλλίλ
710 2555 894 2728 bilbili
916 2540 1193 2748 meeth?
1179 2585 1252 2708 ἶῖέι

143 2729 183 2792 ἔν
223 2728 427 2813 Θετιδείω,
466 2667 804 2790 δκαλεῖταίαπὸ
829 2723 1041 2808 Θέτιδοςη
1070 2707 1191 2802 πόλις
1234 2723 1254 2792 ό

142 2810 176 2876 δὲ
197 2818 268 2885 νοῦς
287 2809 394 2885 οὕτως·
422 2835 442 2890 η
434 2806 494 2872 ‘dd
518 2805 639 2884 Θέτις”
620 2833 699 2914 αρχει
717 2808 767 2873 καί
788 2806 952 2873 δεωτοτεόει
970 2816 1023 2891 τῆς
1019 2753 1155 2887 η,Φθίας
1177 2809 1253 2876 ἔνθα

144 2895 204 2958 ἐστὶ
230 2890 336 2958 καλ
307 2919 340 2957 το
374 2893 558 2956 Θετίδειον
544 2889 637 2977 ιτρόν,
667 2889 708 2966 ιός
736 2892 786 2956 καί
813 2890 1036 2977 Εὐριπίδηςέν
1019 2890 1252 2982 νἈνδρομάχη.

143 2981 204 3042 Vix
239 2978 374 3038 credibile
410 2977 556 3049 videatur,
593 2977 790 3056 Pllughium
783 2998 810 3035 m
840 2991 1005 3078 argumento
1034 2976 1252 3040 Andromachae

145 3086 174 3144 p.
193 3067 224 3127 6.
255 3059 432 3164 Pherecydis
459 3059 589 3120 verba
567 3080 608 3120 sic
631 3061 811 3140 interpretari
831 3063 967 3140 potuisse,
991 3074 1023 3122 ut
1041 3083 1152 3166 agrum
1160 3063 1253 3124 Phar·

145 3149 246 3207 salium
268 3146 304 3204 ab
324 3165 359 3205 co
380 3141 466 3206 πόλιν
486 3143 543 3202 dici
564 3142 704 3204 crederet.
754 3143 820 3222 lpse
840 3145 927 3204 verba
948 3157 1054 3224 coguut
1071 3139 1196 3246 ηπόλις
1217 3147 1253 3206 ad

144 3229 314 3291 Thetideum
343 3231 462 3288 referre.
514 3225 617 3286 Strabo
639 3225 693 3285 lX.
710 3247 751 3325 p.
770 3225 842 3288 431.
874 3225 906 3288 ἐν
933 3193 1001 3288 δὲ
992 3233 1027 3312 τῇ
1053 3223 1131 3312 χόρα
1150 3225 1250 3290 καί
1220 3252 1254 3292 το
1326 3221 1327 3226 ¹

148 3308 296 3376 Θετίδειόν
316 3311 375 3374 ἐστι
394 3310 516 3391 πλησίον
536 3314 593 3372 τῶν
617 3302 813 3390 Φαρσέλων’
797 3315 917 3388 αμφοῖν,
939 3332 991 3389 της
1010 3333 1040 3372 τε
1060 3316 1185 3386 παλαιᾶς
1204 3312 1255 3376 καὶ

146 3421 200 3476 της
220 3395 295 3468 νέας

237 3494 289 3558 24.
337 3492 405 3551 Par.
436 3491 474 3550 E.
505 3492 584 3550 Flor.
616 3491 647 3552 2.
679 3490 759 3551 Vict.
792 3491 876 3551 Lasc.
910 3486 1016 3574 έιροενα
1035 3493 1130 3556 τίκτω
1155 3490 1253 3599 κόρον.

147 3579 216 3638 Par.
246 3577 285 3636 A.
316 3577 352 3636 Β.
382 3576 462 3635 ΕΙοι.
492 3575 531 3634 A.
551 3577 601 3638 10
621 3576 671 3637 15.
703 3575 909 3635 navatam.
940 3575 1035 3636 Gucll.
1059 3571 1252 3660 Aldff'oonrv’

148 3661 264 3723 έντίκτω
284 3655 382 3740 κόρον,
403 3658 477 3738 quod
498 3658 649 3739 Leutiugio
670 3656 763 3718 iudice
786 3678 848 3719 cum
871 3659 984 3738 linguae
1005 3663 1113 3722 ratione
1136 3673 1253 3741 pugnat,

150 3763 221 3824 quae
242 3743 377 3806 ἐντίκτειν
398 3741 455 3800 dici
477 3763 532 3800 uon
554 3743 676 3822 patiatur
697 3743 752 3802 nisi
772 3738 806 3802 de
828 3754 929 3802 natura
948 3755 998 3803 aut
1016 3746 1129 3804 numine
1150 3706 1256 3822 aliquid

151 3831 345 3906 ingeneraute.
390 3822 560 3884 Huiusmodi
581 3826 790 3885 observationes
806 3845 858 3904 per
874 3845 904 3886 se
925 3825 1023 3886 inanes
1039 3839 1114 3886 sunt.
1152 3823 1253 3897 Poeta,

152 3931 232 3990 quem
254 3909 463 3972 Valckenarius
485 3907 520 3967 ad
542 3909 718 3968 Herodotum
734 3908 818 3969 Vlll.
838 3910 910 3974 169.
935 3908 1105 3998 Sophoclem
1126 3927 1189 3968 csse
1209 3927 1255 3966 su

152 3995 330 4072 spicabatur,
352 3991 427 4071 apud
449 3991 610 4072 Lycurgum
633 3994 660 4069 §
678 3992 748 4053 132.

359 4086 465 4154 οὐδ”
450 4091 535 4172 αγρία
555 4085 652 4194 yda
631 4085 711 4171 ’όρνις
728 4113 768 4167 ην
788 4085 882 4174 πλαση
904 4083 1006 4167 δόμον,

358 4170 429 4260 όίλλη
449 4191 585 4246 νεοσσοιις
604 4167 725 4251 ηξίωοεν
745 4169 874 4233 ἐντεκεῖν.
1296 4243 1301 4254 ·

152 4274 269 4333 Istorv
239 4275 326 4353 giitur
351 4276 516 4352 argumento
542 4270 678 4332 adductus
706 4281 736 4328 et
761 4270 835 4348 quod
861 4270 1026 4328 scholiastes
1054 4270 1174 4342 scribat,
1207 4270 1258 4334 ἕνα

152 4358 257 4419 παῖδα·
287 4357 368 4428 ἰδίως
387 4355 458 4419 δὲ”
442 4379 492 4418 ενα
513 4355 588 4435 φησί
606 4353 697 4416 παῖδα
716 4351 899 4460 γενέσθαι
872 4356 912 4414 τῶ
934 4352 1139 4458 Νεοπτολέμῳ,
1165 4349 1258 4418 ίίλλοιν

152 4446 240 4521 κριόν
254 4435 404 4522 λεγόντων,
427 4436 559 4518 Heleno,
584 4442 751 4511 Molosson,
771 4417 928 4515 Αἰακίδην,
947 4435 997 4498 καὶ
1016 4417 1148 4517 Τρωάδα,
1171 4437 1257 4513 (Pau-

155 4524 288 4583 saniasl.
305 4525 356 4596 11,
376 4529 405 4589 l.
427 4523 600 4594 Molossum,
629 4519 757 4592 Pielum‚
788 4520 956 4600 Pergamum
978 4523 1113 4594 nominat)
1141 4521 1258 4582 Lentin-
