2994 5128
752 264 827 342 158
870 293 878 308 ·

634 465 853 544 ΟΙΔΙΠΟ
867 471 948 540 ΥΣ.

334 617 393 710 ἰώ,
419 613 465 694 λώ
489 644 556 716 μοι
580 613 874 714 ιλιιςταχεστάτας
899 620 1023 718 φυγᾶς
1027 670 1041 705 ,

156 766 234 828 ttae
336 748 355 787 l*
407 747 427 786 ᾖ
477 740 646 821 ἐλαύνων
671 742 739 820 τὸν
762 738 920 846 γέροντά
944 743 986 840 μ’
1017 744 1057 816 ἐκ
1081 738 1224 842 πάτρας

331 863 1064 959 ιιιιιιιιιιιιιιιιῑώθῑώ,

335 994 454 1089 δεινά,
479 995 572 1074 δείν’
602 995 675 1100 ἐγώ
699 991 797 1080 τλάς.

629 1201 957 1274 ΑΝΤΙΓΟΝΗ.

361 1353 409 1426 ³..
492 1352 614 1440 ἔτλας,
641 1349 762 1434 ἔτλας·

233 1573 488 1586 ———-

324 1706 416 1768 1734.
449 1706 519 1768 Edd.
550 1715 613 1766 vett.
640 1719 667 1766 et
696 1708 812 1809 plerique
838 1707 956 1770 codicesr
982 1702 1020 1768 lul
1046 1703 1084 1768 lul
1112 1703 1354 1787 ιλιιςτιιχεστώτας

237 1796 348 1902 perpere,
370 1784 504 1853 ἐλαανων
529 1786 584 1851 τὸν
594 1785 800 1895 ylpouael'
763 1815 787 1868 μ
831 1790 864 1852 ἐκ
891 1785 1020 1872 πάτρας.
1049 1789 1085 1852 lul
1113 1789 1150 1853 tet
1172 1790 1255 1854 ιλιινιὶ
1277 1794 1352 1856 del's

237 1875 296 1961 ἐγώ
323 1867 404 1950 τλάς.
447 1878 499 1935 Ριο
527 1865 681 1934 secundo'
669 1871 706 1936 ιώ
727 1877 800 1936 Flor.
824 1875 872 1936 10.
896 1875 946 1937 34.
969 1875 1076 1949 δεινᾶς.
1118 1877 1188 1959 Aug.
1212 1882 1236 1938 b.
1257 1875 1295 1941 tet
1317 1873 1355 1941 tet

237 1964 338 2036 δεινᾶς
359 1954 607 2038 ιλιιςτυχιιιτατας.
632 1961 714 2018 Pauci
735 1963 795 2022 libri
816 1953 944 2021 ἐλαύνει.
965 1963 1110 2039 Utrumque
1131 1972 1259 2024 testantur
1280 1967 1355 2025 scho-

236 2053 289 2110 lia:
322 2045 407 2109 ἕνεκα
433 2049 487 2123 τῆς
509 2039 747 2148 ιλιιςτιιχιστώτης
773 2048 871 2149 φυγῆς
891 2045 943 2106 καὶ
964 2037 1149 2127 ἔξοριηας,
1126 2070 1150 2109 αι
1173 2045 1275 2130 Κρέον
1301 2049 1354 2128 δη-

238 2127 348 2204 λονότι,
372 2126 387 2192 r‘r
410 2125 544 2191 ἰλαῦνιιιν
564 2130 614 2190 ael
637 2123 828 2190 διώκωνται
849 2127 986 2210 γέροντα,
1009 2127 1062 2207 ἐμὲ
1083 2128 1233 2211 δηλονότι,
1255 2132 1355 2213 ἕκτης

195 2268 198 2273 .
238 2216 395 2300 πατρίδος
437 2214 487 2275 Et:
515 2212 659 2275 λείπει
626 2237 661 2274 το
685 2209 701 2274 ὁ
729 2213 848 2296 Κρέων.
891 2217 980 2274 Facile
1002 2227 1107 2294 apparet
1127 2228 1179 2276 tam
1200 2222 1354 2279 insolentem

239 2325 298 2363 esse
323 2304 391 2360 hanc
417 2301 538 2378 loquendi
565 2305 703 2371 rationem,
732 2321 764 2358 ea
790 2311 820 2360 ut
847 2322 899 2360 nen
926 2301 1012 2379 possit
1039 2305 1069 2359 ab
1096 2304 1219 2380 Euripide
1240 2307 1355 2381 profecta

239 2388 317 2448 credi.
360 2387 438 2452 Quod
457 2386 647 2446 Valckenarius
669 2389 791 2456 coniecit,
819 2379 961 2458 ἐλαύνειν,
989 2398 1139 2466 receperunt
1162 2389 1308 2448 Brrrnckius
1330 2401 1355 2448 et

238 2476 383 2534 Porsenna.
426 2471 468 2529 Ea
488 2491 552 2529 sane
572 2470 675 2529 Graeca
696 2483 735 2528 est
757 2476 848 2542 oratio,
869 2471 916 2529 sed
935 2491 1041 2547 rereer,
1062 2480 1091 2529 ut
1112 2477 1177 2530 satis
1198 2483 1265 2550 apta,
1287 2476 1354 2551 qnod

237 2562 315 2638 plane
341 2568 383 2615 est
408 2577 441 2614 ex
472 2557 593 2622 familiari
622 2557 808 2617 consuetudine
835 2569 946 2632 sumpta.
996 2557 1108 2614 Omnino
1130 2566 1214 2616 antem
1237 2555 1355 2618 ἐλαύνει

238 2642 408 2722 quorumdam
430 2642 545 2700 codicum
568 2662 584 2698 a
605 2646 781 2718 grammaticis
800 2645 914 2717 positum
936 2660 1003 2710 esse,
1015 2645 1155 2720 genuinum
1168 2652 1252 2701 aetem
1265 2638 1356 2703 ltad-

239 2749 300 2788 νων
325 2727 436 2786 videtur.
479 2727 616 2784 Librorum
643 2729 778 2801 scriptura,
806 2730 857 2783 nisi
885 2723 1050 2783 vehementer
1070 2725 1155 2797 fallor,
1175 2728 1297 2803 reliquias
1317 2732 1354 2787 la·

117 2863 123 2870 .
238 2818 290 2873 ceri
312 2814 354 2870 vel
375 2812 462 2869 detriti
482 2811 579 2868 codicis
600 2813 725 2866 continet:
747 2829 823 2884 quarn
844 2815 1017 2886 suspicionem
1038 2812 1114 2886 plane
1133 2813 1286 2871 confirmant
1304 2835 1355 2872 me·

240 2911 280 2958 tra
306 2895 501 2998 antistrophica.
550 2893 632 2951 Credo
662 2913 709 2971 ego
738 2895 789 2949 talc
817 2893 879 2968 quid
904 2898 1027 2970 scriptum
1048 2897 1146 2959 fnisse:
1174 2889 1221 2969 ἰώ,
1243 2891 1281 2956 ἰώ
1300 2921 1354 2972 pror
1439 2889 1445 2897 ⁵

218 2975 482 3056 Ἰιλιιςτιιχεστιλτας
509 2979 617 3058 φυγᾶς,
644 2974 711 3036 οἵαν
739 2970 873 3036 ἒλαιιναιν
899 2972 952 3037 τὸν
973 2973 1158 3055 ydpovad'
1120 3003 1144 3055 μ
1182 2979 1215 3041 ἐκ
1237 2975 1355 3061 πάτρας

240 3061 351 3144 Κρέων
376 3057 490 3144 ιιβρίζιι
511 3058 656 3134 ὁιιςθέαις.
684 3053 731 3137 tet,
758 3053 805 3136 tei,
832 3057 925 3136 δεινά,
951 3058 1062 3122 δι”ἰ
1049 3058 1107 3144 cycl
1127 3058 1209 3143 τλιλς.
1250 3069 1294 3126 Es
1312 3070 1355 3126 iris

241 3154 326 3212 solnm
347 3157 431 3228 recepi
451 3170 520 3224 pret:
543 3159 685 3207 ceterorum
705 3150 763 3207 loca
784 3150 896 3207 stellulis
918 3152 1013 3207 uetari.

249 3263 254 3272 ·
328 3233 419 3297 1738.
441 3230 544 3312 Vulgo:
566 3254 594 3294 τι
591 3231 704 3316 ’τλᾶςς
725 3255 753 3292 τι
750 3231 857 3317 τλας,
884 3235 956 3291 Flor.
970 3231 1019 3292 18.
1034 3237 1073 3291 tis
1095 3231 1126 3292 τί
1143 3227 1247 3305 τιλλας.
1269 3237 1355 3298 Paris.

241 3323 276 3380 A.
286 3322 373 3379 Mose.
381 3322 470 3379 Gueli.
478 3319 635 3388 B'runckius‚
642 3321 784 3388 Personas,
805 3339 834 3377 τι
829 3311 938 3391 ’τλώς,
959 3339 989 3376 τι
984 3311 1098 3395 τλιλς,·
1120 3319 1295 3378 scholiastes:
1318 3321 1354 3391 τί,

243 3404 368 3502 φησὶν,
369 3402 414 3462 del
436 3400 541 3506 λέγεις
551 3396 659 3461 δεινὰ
679 3395 785 3479 τλάς,·
807 3402 832 3462 εἰ
852 3400 910 3482 yde
933 3401 983 3462 καὶ
1005 3405 1136 3480 συνεχῶς
1157 3399 1232 3463 αὐτὸ
1254 3401 1355 3484 λέγεις,

242 3485 326 3564 ὅμως
352 3509 371 3564 η
394 3486 462 3564 otae
489 3482 562 3557 τοὺς
588 3507 701 3558 κακοις
724 3481 780 3564 οὐχ
802 3481 870 3571 ὁρᾶ,
893 3482 964 3547 odda
983 3485 1157 3588 μετέρχεται
1179 3509 1282 3548 αιιτιιιιι
1303 3489 1356 3560 τὰς

242 3569 396 3677 ἀρτλγιιας
421 3570 472 3630 καὶ
502 3567 673 3641 ἀσυνεσίας
715 3572 812 3632 Alius·
841 3569 991 3651 τίλέγεις
1021 3575 1112 3678 spritu
1134 3570 1169 3632 cd
1191 3567 1355 3651 τλώς;ιιιλ

241 3653 300 3740 γὰρ
323 3652 386 3717 ι’στι
408 3655 441 3717 dl
439 3678 476 3734 κη
497 3649 516 3736 ἡ
539 3655 684 3762 depopuiee
698 3649 918 3760 τάνθρώπινα
926 3657 976 3758 καὶ
998 3654 1069 3729 τοὺς
1090 3656 1358 3760 κακιστοιιςτιμω-

244 3739 391 3822 ροιιμένη
414 3741 440 3802 εἰ
450 3739 518 3850 γὰρ
540 3731 586 3820 ἦν,
609 3737 665 3802 αιἰιι
686 3735 723 3800 du
744 3738 860 3815 ατλμως
881 3763 920 3798 αι
924 3762 973 3810 τος
995 3735 1161 3820 ἒξηλαώναιι
1182 3745 1236 3822 τῆς
1248 3743 1357 3821 πατρί-

244 3831 311 3901 ὰος
341 3823 361 3906 ἢ
389 3823 458 3887 κατ’
492 3821 640 3907 ἐρώτησιν
666 3823 741 3929 llys.
784 3827 847 3885 Non
879 3830 965 3883 minus
992 3825 1055 3886 haec
1083 3829 1220 3905 explicatio
1241 3840 1357 3888 contorta

244 3929 294 3985 est,
315 3935 391 3990 quam
412 3917 472 3992 ipsa
492 3919 609 3990 quaestio
631 3908 662 3971 cl
680 3905 764 3983 τλάς,
786 3931 852 3986 quae
872 3921 965 3968 natura
986 3931 1035 3970 sua
1056 3915 1193 3972 refutantis
1215 3921 1255 3971 est
1275 3923 1302 3972 et
1319 3935 1357 3973 re·

245 3999 354 4058 tutando
375 4000 535 4057 consolantis
558 4019 626 4071 cunr,
648 4002 692 4073 qui
714 4017 743 4052 se.
765 3999 856 4072 gravia
876 4015 983 4072 passum
1004 4006 1084 4073 putet,
1105 4017 1182 4074 quum
1206 3999 1286 4056 multe
1300 4019 1356 4076 gra·

243 4089 318 4142 clera
338 4084 436 4142 homini
458 4089 559 4160 possint
579 4082 701 4140 accidere.
728 4080 759 4139 ld
781 4089 860 4155 patet,
881 4099 957 4156 qnam
979 4083 1091 4140 alienum
1113 4087 1149 4140 sit
1170 4086 1202 4140 ab
1221 4082 1273 4140 hoc
1291 4086 1356 4154 λιιι

244 4173 288 4228 ubi
311 4190 341 4227 eo
363 4173 520 4228 miseriorem
542 4168 594 4225 dici
614 4166 741 4242 Oedipum
763 4169 908 4241 oportebat,
930 4165 998 4242 quod
1018 4170 1139 4242 impuniti
1160 4173 1319 4226 ruauerent'
1312 4190 1356 4226 rrrr·

243 4257 316 4332 probi
344 4274 360 4310 a
386 4257 478 4330 quibus
507 4256 532 4310 ei
557 4254 652 4310 iniuria
673 4251 754 4307 lieret.
798 4250 888 4326 ltaque
908 4251 1060 4308 confirmare
1081 4253 1292 4310 exclamationem
1315 4273 1356 4330 pe·

244 4344 294 4398 tris
314 4339 421 4397 debebat
440 4337 582 4415 Antigona.
626 4335 657 4393 ld
677 4335 780 4405 faceret,
802 4339 825 4392 si
846 4335 944 4397 diceret
962 4331 1067 4407 τάλας,
1089 4330 1193 4408 τάλας.
1235 4335 1288 4394 Sed
1308 4338 1357 4396 lrcc

244 4443 297 4482 eon
323 4433 364 4480 est
390 4423 544 4482 credibile
537 4442 563 4477 ιιι
585 4415 617 4477 τί
640 4411 722 4492 τλάς,
748 4417 782 4479 τί
805 4411 879 4492 τλας
906 4428 1030 4480 mutatum
1065 4423 1155 4480 irrisae.
1203 4422 1251 4478 Ea
1264 4442 1358 4482 caussa

241 4501 339 4579 i'rtag,
361 4501 458 4579 ιτλας,
480 4509 582 4581 scripsi
