3022 5140
197 965 629 1071 ΕΥΡΙΠΙΔΟΥ
675 965 1159 1075 ΑΝΔΡΟΜΑΧΗ.

470 1444 872 1519 ΑΝΔΡΟΜΑΧΗ.

115 1581 329 1688 Ἀσιάτιδος
352 1612 419 1707 γῆς
445 1612 586 1700 σχῆμα,
617 1600 761 1699 Θηβαία
787 1599 902 1690 πόλις,

115 1732 210 1808 ὅθεν
232 1726 328 1805 πόδ’
355 1727 474 1804 ἕδνων
495 1727 566 1804 odo
590 1722 813 1827 πολυχρύσῳ
835 1727 946 1824 χλιδῇ

115 1852 294 1954 Πριάμου
319 1853 509 1952 τύραννον
533 1851 660 1928 ἑστίαν
686 1848 898 1952 desudatum.

112 1977 241 2079 δάμαρ
267 1978 424 2055 δοθεῖσα
446 1977 661 2061 παιδοποιδς
675 1978 833 2077 Ἕκτορι,

112 2104 272 2202 ζηλωτὸς
296 2106 336 2180 ἔα
360 2133 402 2207 με
429 2112 482 2205 τῷ
506 2104 594 2203 πρὶν
614 2099 848 2201 Ἀνδρομάχη
869 2099 1010 2204 χρόνῳ,
1226 2126 1245 2188 5

111 2240 183 2307 νῦν
208 2231 247 2307 δ’
273 2231 375 2312 οὔτις
399 2231 489 2324 άλλη
511 2229 779 2326 δυςτυχεστέρα
802 2227 897 2330 μονὴ

191 2505 221 2566 l·
265 2500 313 2560 De
334 2502 388 2561 hoc
409 2521 491 2562 versu
514 2496 632 2558 videnda
648 2499 797 2578 praefatio.

192 2610 223 2670 6.
265 2607 334 2667 Atd.
359 2608 453 2668 Have.
477 2607 557 2666 Flor.
575 2608 606 2669 2.
630 2610 685 2668 νῦν
706 2601 733 2666 δ’
757 2600 837 2678 οὔτις
858 2600 928 2685 άλλη
946 2601 1150 2687 δαςτοχεοιάτη
1165 2632 1216 2690 ρα-

107 2688 144 2772 νὴ
166 2690 238 2770 ἐμοῦ
257 2689 387 2769 πέφυκεν
408 2687 429 2771 ἢ
450 2687 598 2773 γενήσεταί
619 2711 702 2763 ποτε,
731 2687 805 2767 quod
828 2688 983 2768 probarunt
1003 2689 1214 2769 Wesseliugius

108 2773 144 2834 ad
163 2773 252 2834 Diod.
278 2774 338 2834 Sic.
361 2773 432 2834 XX.
455 2776 507 2836 72.
540 2771 624 2833 etad
645 2771 785 2832 Herodot.
808 2772 878 2834 Vll.
899 2775 949 2835 16.
972 2783 1002 2832 ot
1021 2771 1157 2834 Davisius
1177 2775 1214 2834 ad

106 2857 188 2918 Max.
209 2857 281 2938 Tyr.
313 2879 342 2938 p.
361 2861 433 2922 583.
462 2877 490 2916 a.
514 2858 713 2936 superlativum
735 2875 786 2935 pro
808 2857 998 2935 comparativo
1019 2858 1141 2938 positum
1162 2878 1213 2940 pu-

107 2953 210 3000 tantes.
253 2940 299 3001 Ac
320 2952 397 3000 certe
419 2941 561 2999 Homerus
581 2941 621 2999 ita
642 2941 773 3019 loquutus
792 2950 836 3000 est
851 2938 908 2999 0d.
923 2939 978 3000 xl.
997 2940 1070 3004 481.
1094 2946 1156 3004 osio
1170 2935 1214 3018 d’‚¹

102 3021 246 3104 Ἀχιλλεῦ,
275 3020 355 3097 οὔτις
384 3019 457 3106 άνὴρ
484 3018 670 3106 προπάροιθε
696 3018 890 3104 μακάρτατος,
919 3018 983 3084 οὐδ’
1015 3019 1062 3104 ἄρ’
1092 3019 1210 3088 ὀπίσσω.

106 3108 150 3167 1ο.
177 3107 316 3166 Miitouus
344 3119 374 3166 ct
394 3106 525 3185 Scaliger
545 3104 725 3184 corrigebant
749 3103 964 3187 δυςιοχεσιέρα,
991 3105 1065 3185 quod
1086 3105 1213 3168 ediderat

106 3191 258 3264 Lascaris‚
288 3193 368 3250 cuius
397 3192 587 3252 coniecturam
616 3190 691 3248 hanc
716 3207 778 3248 esse
805 3187 876 3246 dixit
901 3186 1083 3270 Lentingius‚
1115 3193 1211 3250 nescio

105 3268 1211 3420 titii-titi¹1¹i¹¹ti⁰i³⁹‘¹¹'³hi⁰‘i¹¹¹hitttt‘iititichi·

134 3379 152 3416 u
227 3379 237 3414 ι
392 3378 409 3416 ιι
493 3378 502 3415 ι
552 3400 560 3414 .
644 3397 652 3415 .
705 3397 712 3412 .
1132 3400 1140 3415 .
1200 3403 1207 3417 .

103 3442 220 3520 visaque
236 3441 305 3499 mihi
321 3459 431 3521 quoque
448 3450 492 3500 cst
511 3375 697 3520 phaeieronda
717 3455 790 3510 esse,
817 3448 847 3495 ut
868 3437 1021 3517 pleniorem
1037 3441 1210 3519 grauiorem·

104 3542 159 3602 que
180 3525 336 3582 orationem
358 3523 488 3583 roddens.
535 3519 592 3581 Sed
615 3518 698 3581 codd.
722 3519 791 3579 Par.
810 3520 848 3579 A.
868 3521 904 3580 Β.
928 3521 1008 3581 Flor.
1026 3521 1066 3582 Α.
1087 3525 1136 3586 10.
1156 3527 1206 3588 15.

102 3607 192 3666 Taur.
217 3605 313 3665 Gueii'.
338 3611 392 3668 νῦν
413 3601 441 3668 δ’
465 3603 494 3667 εἴ
510 3627 554 3679 τις
574 3599 645 3684 άλλη
668 3600 871 3684 δαςτοχεστάτη
891 3601 979 3686 γυνή,
1001 3617 1145 3667 servantes
1167 3609 1209 3667 ilii

103 3701 197 3748 minen
223 3701 385 3769 sequentem
406 3709 533 3760 versum,
566 3689 613 3770 qui
636 3689 712 3746 nulio
734 3689 762 3746 iu
785 3687 857 3747 iihro
879 3687 967 3748 deest.
1013 3689 1207 3750 scholiastes:

102 3776 167 3834 νῦν
195 3769 223 3834 δ’
255 3772 289 3834 ελ
306 3794 358 3845 τις
379 3767 472 3852 άλλη.
514 3768 578 3833 duci
597 3775 649 3833 τοῦ
671 3767 710 3842 ὥς
731 3767 853 3851 οὐδεμία
873 3766 942 3851 άλλη
964 3769 1103 3878 δαςταρὴς
1123 3771 1207 3858 μονή.

101 3850 123 3934 ἢ
144 3854 193 3916 καλ
213 3853 317 3929 οὕτως·
346 3851 400 3916 ἑά
427 3853 459 3917 dd
479 3850 531 3935 οὐχ
551 3849 747 3936 δπολαμβάνω
768 3855 795 3915 ελ
813 3850 870 3936 άρα
889 3878 932 3927 τις
952 3851 1025 3936 γονὴ
1046 3855 1210 3938 αθλιατέρα

103 3959 159 4016 μου
193 3937 277 4000 ἐστίν.
332 3881 447 3999 iihorum
478 3937 605 3998 codicum
636 3938 802 4017 scripturam
829 3938 958 4016 probavit
985 3937 1204 4010 Valckenarius,

102 4021 270 4082 eiicieudum
298 4042 415 4083 censens
436 4023 484 4101 qui
510 4023 637 4102 sequitur
655 4041 778 4081 versum.
826 4019 919 4078 flarius
942 4019 1074 4079 iudicium
1096 4025 1208 4101 sequuti

101 4123 211 4164 versum
232 4108 316 4164 istum
332 4109 412 4165 uncis
428 4107 603 4165 incluserunt
617 4103 788 4174 Branchias,
811 4101 961 4175 Matthiae,
985 4104 1100 4182 aliique,
1122 4105 1208 4164 eiecit

100 4185 279 4267 icutiugius.
331 4189 364 4248 lu
384 4189 454 4250 Par.
485 4187 522 4248 E.
547 4198 592 4246 est
613 4186 726 4266 quidem
746 4182 785 4246 ott
802 4208 862 4258 τις,
891 4183 942 4244 sed
962 4181 999 4246 eii
1019 4187 1152 4265 scriptum
1175 4190 1204 4249 ia

99 4272 156 4330 aiia
184 4291 259 4332 nunc
280 4271 442 4334 oblitterata
462 4272 573 4330 vocula.
626 4270 659 4330 lu
680 4269 733 4328 hac
756 4269 937 4328 fluctuatione
957 4269 1114 4348 scripturae
1134 4289 1204 4332 cou-

99 4355 177 4414 iiciat
198 4357 261 4434 quis
282 4359 417 4436 scriptum
439 4355 543 4414 fuisse:
564 4357 619 4415 veie
640 4347 668 4414 δ’
693 4341 732 4412 αὖ
752 4351 797 4424 τίς
817 4346 887 4430 άλλη
908 4351 1109 4432 δαςτοχεστέρα
1129 4351 1203 4437 γονὴ

98 4436 169 4516 ἐμοῦ
197 4437 328 4516 πέφυκεν
355 4436 376 4518 ἢ
402 4433 551 4522 γενήσεταί
573 4458 657 4513 auom
682 4434 822 4495 Matthiae
852 4433 980 4514 quidem,
1011 4435 1088 4496 aliud
1114 4458 1201 4518 agens

98 4522 209 4600 opinor,
234 4516 315 4594 οὔτις,
333 4534 363 4581 et
382 4519 403 4601 ἢ
424 4521 580 4598 invulgata
601 4521 723 4582 lectione
738 4520 791 4580 sihi
808 4517 978 4598 respondere
993 4521 1118 4600 putabet,
1144 4545 1198 4588 sou
