3022 5140
792 299 839 368 10

212 479 434 556 tantadeio'
457 474 642 573 Ἀχιλλέως
666 476 789 565 παιδί,
816 472 976 574 δεσπότῃ
1001 479 1040 580 γ’
1066 481 1154 580 ε’μῷ.
1219 521 1221 524 -

257 603 320 680 καὶ
345 603 433 703 πρὶν
455 601 526 702 μὲν
547 606 587 679 ἐν
610 603 757 678 zaraiae
780 602 951 701 κειμένην
975 603 1077 700 ὅμως

263 728 361 813 ἐλπίς
385 729 429 827 μ’
455 709 511 804 ciel
535 737 691 831 προςῆγε
714 727 901 812 σωθέντος
922 728 1055 804 τέκνου

259 850 375 950 ἀλκήν
397 854 473 930 τιν’
500 854 621 955 εὑρεῖν
645 849 913 952 κάπικοόρῃσιν
937 859 1084 928 κακῶν·

256 1143 319 1220 gius
347 1142 460 1219 scripsit
484 1135 581 1221 ἄρσεν’
605 1137 657 1202 ἕνα
677 1140 762 1202 τίκτω
783 1135 878 1220 κόρον.
920 1139 961 1200 At
983 1161 1037 1199 non
1059 1141 1167 1219 liquet,
1196 1140 1268 1196 sitne
1290 1137 1361 1196 illud

254 1224 307 1286 ἕνα
327 1225 431 1298 παῖδα,
461 1223 536 1304 quod
556 1224 665 1283 scholio
686 1225 875 1304 praepositum
897 1235 957 1296 cst,
980 1235 1098 1304 poetae,
1120 1243 1155 1282 an
1177 1220 1356 1293 scholiastae,

255 1328 307 1367 cur
335 1307 442 1382 παῖδα,
473 1328 529 1366 non
550 1307 656 1380 παῖδας
677 1305 781 1366 dixerit
799 1305 968 1387 Euripides,
1000 1305 1125 1366 indicare
1145 1305 1276 1365 volentis.
1320 1303 1360 1362 Et

255 1409 327 1470 quae
348 1389 459 1448 tandem
481 1411 580 1450 caussa
601 1392 721 1469 cogitari
743 1400 853 1470 potest,
884 1411 936 1451 cur
955 1389 1007 1452 ἕνα
1027 1391 1118 1452 παῖδα
1139 1387 1286 1448 dicendum
1307 1407 1359 1467 pn·

255 1474 356 1532 taverit
381 1485 480 1552 poeta,
512 1476 567 1533 nisi
593 1485 639 1546 ut,
671 1493 727 1553 quo
755 1475 802 1533 hic
823 1493 880 1532 non
901 1493 971 1553 opus
992 1484 1070 1545 erat,
1100 1493 1130 1533 se
1151 1471 1300 1530 dissentire
1321 1472 1357 1529 ab

229 1558 317 1616 'aliis
339 1556 495 1617 indicaret?
537 1558 613 1632 Quin
634 1557 658 1616 si
678 1559 717 1616 ita
739 1558 907 1636 scripsisset,
932 1559 991 1636 ipse
1013 1558 1137 1628 lecisset,
1163 1566 1194 1613 ut
1214 1553 1356 1614 auditores

253 1651 400 1720 putarent,
433 1642 584 1701 masculam
611 1638 722 1720 quidem
752 1641 858 1722 prolem
888 1661 987 1712 unam,
1019 1638 1069 1699 sed
1098 1649 1244 1719 praeterea
1271 1639 1354 1696 etiam

253 1724 338 1782 liliam
361 1735 410 1782 ant
427 1725 534 1803 aliquot
554 1725 626 1783 lilias
651 1735 730 1784 natas
752 1744 814 1784 esse
829 1721 1057 1784 Andromachae.
1097 1722 1235 1782 Brunclrii
1259 1723 1356 1781 inven-

252 1817 310 1866 tum
337 1802 439 1888 γόνον,
468 1807 624 1886 Beckiique
645 1806 844 1866 Brunckianac
870 1805 1057 1866 adnotationis
1087 1808 1227 1885 epitomen
1254 1805 1357 1864 leniter

251 1892 416 1970 perstrinxit
447 1890 618 1950 Schaelerus
648 1889 684 1948 ad
720 1890 826 1950 Poesin
855 1892 1012 1969 gnomicam
1047 1910 1075 1968 p.
1099 1890 1171 1952 168.
1231 1888 1355 1948 lustinus

249 1971 408 2034 XXXVII.
432 1975 463 2045 l,
487 1973 517 2036 4.
548 1993 668 2052 namque
693 1976 817 2035 Laodice
844 1995 882 2033 ea
902 1993 1019 2038 namara
1039 1993 1092 2032 see
1101 1972 1253 2050 filioram,
1285 1992 1356 2050 qaas

249 2059 341 2117 vrrt'ltb
360 2075 448 2117 secur
468 2077 507 2116 ec
526 2058 690 2118 Ariarathe
709 2077 780 2136 rege
800 2067 975 2137 susceperat.

331 2155 384 2220 25.
435 2155 524 2215 Taur.
551 2155 647 2215 Guell.
678 2155 747 2216 Ald.
776 2156 840 2216 rell.
869 2152 1034 2219 alaabcio’.
1085 2155 1169 2214 Lasc.
1194 2165 1224 2213 et
1248 2157 1353 2214 caeteri

249 2235 339 2298 codd.
355 2234 504 2301 atadsio'.
546 2238 653 2299 Omnes
674 2241 758 2299 etiam
781 2240 846 2298 libri
866 2236 990 2326 δεσπότῃ
1005 2235 1035 2300 π’
1060 2237 1127 2326 ἐμῷ.
1157 2237 1293 2296 Elmsleia
1316 2236 1353 2296 ad

247 2321 327 2382 Med.
345 2323 418 2386 940.
449 2318 574 2408 δεσπότῃ
600 2318 628 2384 δ’
657 2321 717 2409 ἐμῷ
744 2323 830 2383 scribi
858 2324 965 2384 volenti
994 2321 1068 2384 idem
1098 2319 1173 2402 quod
1200 2320 1352 2400 Lentingio

248 2404 409 2465 defendenti
437 2407 573 2465 librorum
601 2409 768 2487 scripturam
790 2405 911 2480 accidit,
943 2408 1023 2467 utin
1045 2407 1165 2484 logicam
1187 2415 1348 2485 peccarent.

247 2489 323 2549 Nam
352 2507 444 2570 neque
463 2491 588 2551 Aetatis
605 2490 674 2570 filio
696 2501 727 2552 et
744 2511 804 2550 meo
826 2493 895 2550 bero
917 2501 994 2550 recte
1017 2490 1170 2560 diceretur,
1193 2487 1248 2546 nisi
1269 2507 1352 2567 prae-

247 2574 380 2634 cessisset
391 2577 586 2654 Neoptolemo,
604 2575 681 2652 quia,
701 2593 772 2653 quae
789 2575 1008 2653 coniunguntur,
1026 2573 1129 2632 similia
1145 2589 1207 2631 esse
1221 2582 1348 2650 oportet:

246 2658 271 2716 si
291 2659 354 2736 quis
375 2668 469 2717 autem
489 2655 612 2716 Achillis
632 2657 706 2718 lilius
726 2678 778 2737 pro
799 2676 850 2716 suo
867 2659 954 2737 ipsius
969 2656 1082 2716 nomine
1102 2654 1268 2735 appellatur,
1293 2651 1350 2714 dis·

246 2741 349 2799 similia
370 2742 464 2820 inepte
485 2741 709 2818 coniunguntur,
731 2743 914 2820 Neoptolemo
936 2751 966 2800 et
985 2760 1045 2798 meo
1066 2741 1158 2810 hero,·
1180 2756 1271 2817 neque
1293 2736 1350 2796 dici

245 2824 337 2902 potuit
356 2825 480 2884 Achillis
489 2823 571 2901 filio,
595 2841 655 2882 meo
676 2833 769 2882 autem
790 2825 872 2894 liero,
895 2823 950 2882 nisi
963 2833 995 2881 ut
1007 2822 1224 2900 significaretur,
1248 2821 1347 2894 lilium,

245 2927 301 2966 non
323 2916 450 2985 patrem,
482 2915 531 2964 aut
551 2905 684 2977 fratrem,
713 2915 762 2963 aut
782 2904 866 2964 aliter
887 2917 1036 2984 cognatum
1057 2903 1164 2964 Achilli
1186 2923 1249 2963 csse
1269 2903 1349 2964 Nco·

244 2988 407 3068 ptolemum.
459 2986 492 3045 Si
521 2988 595 3047 enim
624 3007 680 3046 non
707 2989 849 3066 cogitatur
869 2987 991 3068 aliquid,
1024 2987 1098 3068 quod
1120 2989 1276 3068 oppositum
1298 2989 1346 3060 sit,

244 3090 355 3130 rursum
378 3069 511 3130 habemus
533 3072 653 3150 ineptam
677 3072 859 3143 sententiam,
886 3075 1112 3152 Neoptolemum,
1142 3091 1232 3130 mcum
1254 3083 1348 3131 autem

244 3157 354 3214 beram.
398 3153 489 3214 Recte
511 3173 580 3233 ergo
596 3155 757 3214 Brunclrius
772 3152 897 3242 δεσπότῃ
916 3152 946 3238 p'
965 3154 1032 3240 ἐμῷ.
1072 3153 1244 3233 Plluglrium,
1263 3174 1346 3234 quum

243 3237 278 3297 L.
301 3235 481 3297 Dindorfium
503 3250 637 3318 sequutus
659 3239 712 3298 hoc
735 3240 906 3319 recepisset,
930 3241 959 3299 in
981 3258 1102 3298 censura
1122 3237 1253 3298 editionis
1271 3236 1348 3297 Len·

241 3323 384 3398 tingianae
406 3323 559 3400 poenituit,
583 3324 760 3402 poeniturum
783 3325 900 3396 iterum,
924 3322 999 3403 quod
1020 3323 1132 3382 transiit
1152 3322 1180 3378 in
1202 3320 1347 3399 Lentingii

241 3406 418 3464 sententiam.
448 3415 450 3422 '

322 3503 375 3564 27.
420 3501 500 3562 Libri
520 3511 655 3588 προςῆῃε,
677 3505 751 3584 quod
773 3517 850 3566 recto
866 3507 908 3565 sic
926 3507 1124 3586 interpretatus
1141 3514 1185 3563 est
1200 3503 1344 3581 Reisigius

241 3589 269 3645 in
292 3605 393 3645 ⁰⁰mm·
417 3587 482 3645 1111·
501 3587 536 3646 ad
553 3587 627 3648 Oed·
647 3587 710 3647 Col·
735 3611 763 3669 p·
781 3590 853 3654 242.
877 3610 941 3668 spes
962 3610 1005 3648 me
1023 3590 1147 3647 adducit
1166 3589 1207 3646 ad
1226 3590 1343 3647 creden-

239 3673 325 3742 dam,
355 3687 399 3728 me
417 3673 593 3747 praesidebam
615 3675 802 3733 aiaventuram.
847 3672 1032 3733 Valckenarii
1053 3681 1083 3729 et
1101 3669 1234 3729 Picrsoni
1254 3665 1343 3748 προό-

239 3771 308 3834 σῃνε
336 3753 436 3811 merito
459 3753 636 3814 Graecumue
663 3757 699 3814 sit
720 3755 873 3816 dubitatur.
921 3755 992 3816 Vid.
1016 3752 1184 3813 Boissonad.
1209 3753 1245 3812 ad
1273 3751 1343 3811 Plri-¹

239 3839 319 3896 lostr.
344 3835 416 3895 Her.
440 3857 469 3916 p.
488 3839 560 3902 436.
588 3858 648 3918 scq.
671 3849 700 3898 ct
721 3860 792 3919 quae
808 3839 948 3900 Matthiae
971 3838 1057 3909 dixit,
1090 3847 1167 3896 recte
1189 3838 1237 3895 ille
1258 3838 1340 3896 etiam

238 3921 411 4000 propositum
433 3923 545 4002 saepius
566 3921 601 3981 ab
622 3920 759 3983 Elmslcio
780 3929 887 4008 προςῇε
908 3925 937 3982 in
958 3921 1160 3983 dubitationem
1175 3940 1291 3980 vocans.

319 4022 371 4085 28.
417 4020 497 4080 Flor.
517 4020 567 4084 lt).
586 4023 637 4085 15.
666 4019 891 4103 κᾶπικουρήσεεν
912 4016 1017 4101 δόμων.
1045 4019 1115 4080 Par.
1138 4015 1178 4079 D.
1203 4014 1341 4082 κόιπικσό-

236 4124 321 4185 ρῃσιν
349 4100 462 4185 δόμων,
498 4104 639 4185 adscripto
675 4109 704 4166 in
736 4107 852 4166 alterius
881 4107 1007 4184 margine
1035 4126 1078 4186 pp.
1108 4107 1214 4166 κακῶν.
1272 4102 1340 4162 Non

192 4223 198 4235 ·
235 4208 305 4268 opus
327 4200 390 4263 erat
409 4200 441 4248 ut
461 4188 613 4248 Elmsleius
634 4186 844 4272 κᾶπικοόρησιν
864 4199 999 4248 mutatum
1019 4188 1106 4247 vellet
1121 4187 1149 4244 in
1165 4182 1340 4263 κᾶπικοόφε

236 4287 283 4332 σιν
311 4269 346 4329 ad
375 4271 449 4332 Oed.
473 4272 512 4331 R.
530 4272 602 4336 202.
655 4270 778 4353 Δόμων,
808 4270 882 4352 quod
909 4270 1021 4330 codices
1048 4271 1093 4329 isti
1116 4268 1236 4342 habent,
1266 4269 1339 4327 mala

152 4373 154 4380 ·
235 4356 375 4412 correctio
396 4366 440 4413 est
460 4357 635 4433 grammatici
657 4358 830 4436 cuiuspiam,
862 4376 918 4416 non
940 4356 1090 4434 cogitantis
1110 4351 1338 4411 Andromacham

235 4433 310 4516 quod
339 4456 420 4496 serva
450 4440 487 4496 sit
513 4439 642 4498 afflictam
665 4459 743 4508 esse,
776 4440 844 4498 nihil
867 4451 959 4499 autem
981 4457 1077 4498 curam
1099 4434 1197 4493 domus
1218 4433 1254 4492 ad
1274 4450 1336 4490 earn

235 4521 386 4599 pertinere.
