3022 5130
818 295 892 367 1⁰3

296 491 330 565 οἱ
356 491 393 565 δ’
424 486 474 564 αὖ
498 490 586 588 παρ’
615 490 726 586 ἡμῶν
748 490 872 576 δεξιὸν
896 493 985 575 Διὸς
1010 493 1115 594 τέρας

293 613 437 700 ίιίόντες
461 613 662 713 ἐξήλαυνον
687 613 871 716 ἁρμάτων
890 621 1001 714 ὄχους

212 743 417 839 ίλίλθὶτιπῆς,
443 743 607 818 ὁπλῖται·
631 748 706 826 κείς
729 745 814 840 μεἰΐ
836 744 1016 848 Ἀργείων
1036 746 1131 821 ὅπλα

293 873 467 968 ξυνῆψαν
490 871 591 972 ἔγχη,
617 867 742 944 πάντα
767 870 805 944 δ’
833 867 882 968 ἦν
907 872 1004 968 ὁμοῦ
1027 869 1142 948 zaid·

292 997 494 1094 ἔθνησκον,
520 997 711 1080 ἐξέπιπτον
735 995 912 1100 ἀντύγων
937 1001 1024 1089 ἄνευ,

289 1121 419 1222 τροχοί
442 1123 477 1196 τ’
506 1120 654 1219 ἐπήδων
679 1125 805 1208 ἄξονές
828 1126 863 1198 τ’
893 1127 950 1200 ἐπ’
980 1129 1129 1215 ἄξοσιν,

291 1247 416 1347 νεκροὶ
441 1247 482 1323 δι’
508 1255 651 1349 νεκροῖς
676 1248 940 1348 ἐξεσωρεύονθ’
971 1252 1079 1348 ὁμοῦ.

209 1370 448 1476 Ιιθόπῦργων
471 1373 543 1470 μίν
568 1371 637 1450 οὖν
660 1385 728 1478 γῆς
752 1379 908 1475 ἔσχομεν
932 1379 1176 1478 κατασκαφὰς

290 1505 342 1584 είς
365 1501 435 1598 τὴν
458 1511 656 1602 παροῦσαν
678 1503 838 1601 ἡμέραν·
866 1510 898 1578 εἰ
923 1504 959 1578 d'
989 1505 1143 1602 εὐτυχὴς

289 1627 392 1702 ἔσται
415 1627 459 1703 τὸ
484 1629 613 1705 λοιπὸν
635 1630 702 1727 ἥδε
726 1639 793 1732 μῆ,
819 1635 924 1715 θεοῖς
947 1632 1056 1727 με’λει.

734 1837 817 1910 XO
826 1838 900 1910 ΡΟ
910 1841 958 1906 Σ.

287 1981 404 2058 καλὸν
428 1982 472 2056 τὸ
496 1992 625 2060 νικᾶν·
652 1989 684 2060 εί
709 1984 747 2060 δ’
777 1985 945 2082 ἀμείνον’
975 1985 1011 2058 οἱ
1036 1985 1121 2058 θεοὶ

286 2105 444 2210 μναίμην
468 2111 598 2208 ἔχοιεν,
624 2111 779 2208 εὐτυχὴς
803 2111 853 2187 ἄν
877 2111 933 2188 εἶν
958 2108 1042 2213 c‘yw'.

282 2349 534 2360 ——u———————-

373 2503 465 2565 1200.
486 2506 560 2565 Male
580 2527 638 2566 cnm
661 2506 794 2584 Scaligcro
816 2507 946 2566 Matthiae
966 2503 1075 2580 ίιατεῖς,
1097 2497 1221 2565 ὃπλῖταί
1238 2500 1270 2564 τ’
1294 2506 1347 2578 εἷς.

372 2589 465 2649 1207.
486 2593 553 2650 Post
572 2591 641 2650 hunc
661 2612 764 2650 versum
787 2593 903 2670 Scaliger
923 2592 1032 2650 addebat
1053 2591 1129 2660 hunc,
1151 2611 1227 2668 quem
1244 2595 1272 2648 in
1287 2591 1364 2650 Flor.
1379 2595 1405 2649 2.

286 2682 313 2731 et
338 2675 407 2735 vict.
435 2679 568 2735 inventum
595 2681 700 2753 recepit,
727 2677 773 2733 sed
800 2683 874 2735 uocis
902 2678 1008 2734 inclusit
1032 2675 1175 2734 Matthiae:
1197 2675 1247 2734 aul
1270 2677 1325 2734 νῦν
1347 2673 1405 2755 γὰρ

285 2751 383 2838 αὐτὴν
414 2756 569 2838 δαιμόνων
595 2756 699 2842 {harod}
718 2781 774 2832 τις.
820 2763 873 2820 Est
899 2767 976 2825 etiarn
1008 2766 1036 2820 iu
1063 2761 1131 2820 Ven.
1153 2781 1177 2820 a.
1225 2761 1279 2818 Hic
1301 2763 1406 2838 quidem

284 2863 367 2921 neque
389 2855 465 2922 aptus
487 2857 535 2916 est,
553 2851 679 2922 quianon
700 2851 842 2922 praecessit
863 2851 919 2924 spei
941 2849 1052 2906 alicuius
1073 2849 1290 2915 commemoratio,
1312 2854 1342 2902 et
1364 2847 1405 2904 de·

284 2929 368 2986 bilitat
389 2933 504 2987 subiecta
525 2936 671 3007 importune
692 2950 753 3006 spes
774 2951 827 2988 non
842 2951 953 2990 vacuum
975 2939 1046 2989 metu
1067 2931 1164 2988 dietum
1182 2930 1250 3006 quod
1267 2950 1407 3009 praegres-

284 3032 342 3071 sum
365 3023 415 3072 est.
1419 3025 1420 3028 ’

370 3095 461 3157 1208.
483 3099 545 3158 Non
566 3100 699 3158 adnotavit
719 3098 847 3157 Matthiae
869 3104 959 3158 abesse
980 3105 1008 3156 in
1029 3099 1088 3157 edd.
1108 3107 1170 3156 vett.
1192 3099 1263 3156 clrori
1285 3110 1385 3159 notam.

370 3183 461 3243 1209.
488 3183 556 3242 Edd.
584 3193 646 3243 vett.
674 3186 746 3244 Flor.
776 3183 825 3244 10.
853 3183 903 3242 38.
931 3187 999 3244 Ven.
1026 3205 1049 3259 a.
1072 3178 1176 3260 ἔχοιεν.
1220 3185 1305 3240 Ceteri
1327 3185 1404 3243 codd.

284 3259 412 3344 ἔχουσιν.
456 3269 557 3327 Deinde
584 3271 641 3327 lihri
670 3265 797 3345 εὐτυχίης
818 3263 881 3346 εἴην
903 3261 970 3348 tyni.
1012 3269 1085 3328 Flor.
1118 3266 1167 3326 34.
1188 3277 1275 3325 autern
1296 3255 1335 3343 ἦν
1357 3291 1404 3346 pro

283 3348 355 3429 εἴην,
378 3363 406 3410 ut
427 3354 561 3411 videantur
583 3355 667 3411 luisse
687 3360 729 3432 qui
753 3349 881 3430 εὐτυχὴς
901 3349 940 3412 ἂν
959 3341 997 3428 ἦν
1018 3357 1167 3411 scriberent.
1209 3353 1403 3412 Valckenarius

283 3437 345 3512 quid
366 3443 479 3495 roncoru
500 3459 577 3514 quum
599 3439 678 3496 huius
700 3439 762 3496 dicti
783 3445 809 3496 in
832 3440 939 3496 scholiis
961 3438 1059 3496 codicis
1080 3436 1230 3515 Augrmtani
1250 3441 1318 3494 inter
1334 3441 1402 3496 alias

283 3519 423 3579 deteriores
440 3526 673 3600 interpretationem
696 3526 850 3599 probabilem
872 3526 925 3602 legi
945 3526 1082 3594 scrihebat,
1103 3543 1155 3580 non
1177 3541 1311 3598 assequor.
1338 3524 1401 3582 Una

282 3614 382 3664 tantum
409 3611 436 3663 in
458 3611 516 3665 istis
544 3607 652 3666 scholiis
673 3609 746 3677 haec,
769 3629 849 3685 eaque
870 3609 945 3666 valde
967 3608 1077 3665 absurda
1098 3612 1275 3684 interpretatio
1297 3616 1400 3665 exstat:

244 3744 246 3750 ,
282 3687 309 3750 εί
330 3687 358 3750 ol
381 3689 447 3750 θεολ
470 3687 508 3750 τὰ
531 3690 634 3751 δίκαια
656 3691 800 3769 κρίνουσι,
825 3686 943 3763 πάντας
959 3684 1193 3770 Ιἡττηθήσονται
1209 3687 1238 3751 οἳ
1253 3688 1400 3765 Θηβαῖοι.

280 3771 340 3854 tyni
368 3763 422 3835 σίν
449 3770 466 3836 ὅ
490 3772 585 3854 χορὸς
612 3775 759 3853 σωθείην,
788 3771 979 3857 διαφύγοιμι.
1003 3777 1006 3781 ’
1027 3776 1135 3835 Addidit
1156 3777 1198 3834 his
1220 3776 1349 3834 Matthiae
1371 3786 1401 3833 nt

280 3882 313 3920 ex
335 3860 498 3940 Augustano,
520 3883 585 3939 quae
605 3867 631 3920 in
654 3866 726 3939 prius
748 3863 824 3920 editis
850 3863 959 3921 scholiis
980 3863 1076 3921 similia
1095 3863 1230 3939 leguntur:
1251 3859 1284 3918 εί
1305 3855 1336 3918 d’
1361 3855 1400 3917 cl-

280 3943 458 4023 μείνοιιι.
488 3944 565 4017 τινὲς
590 3942 656 4006 ἀντὶ
683 3949 738 4005 τοῦ
761 3945 890 4006 δικαίαν.
914 3940 930 4007 ὁ
953 3944 986 4008 δὲ
1009 3947 1095 4017 νοῦς·
1139 3940 1254 4024 ἐγένετο
1275 3939 1332 4020 μέν
1355 3963 1399 4000 νι-

280 4032 337 4090 κᾶν
358 4025 430 4102 τούς
454 4029 628 4107 Θηβαίους·
651 4030 678 4090 εί
698 4029 732 4090 δὲ
753 4028 781 4091 oi
804 4031 870 4092 θεολ
893 4027 931 4092 τὰ
953 4029 1056 4092 δίκαια
1076 4028 1238 4106 κρίνουσιν,
1249 4027 1300 4087 καί
1318 4049 1398 4104 συμ-

279 4116 321 4196 βῇ
342 4110 517 4179 ἀπολίσθοι
550 4112 622 4187 τούς
652 4113 824 4194 Θηβαίους,
853 4112 927 4175 ἀλλ’
952 4105 1006 4176 οὗν
1027 4111 1085 4194 ἐγὼ
1108 4107 1297 4193 διαφύγοιμι.
1340 4115 1397 4172 Mc·

279 4201 370 4260 liorem
399 4206 646 4279 interpretationem,
672 4221 748 4278 quam
776 4221 810 4258 ex
831 4204 884 4260 Gn.
906 4223 940 4266 m.
964 4203 992 4260 2.
1016 4200 1143 4259 Matthiae
1165 4199 1255 4273 edidit,
1279 4219 1329 4256 non
1352 4219 1396 4255 no-

280 4294 321 4344 rat
352 4285 556 4347 Valckenarius:
589 4281 682 4346 καλὸν
711 4282 745 4344 τὸ
774 4287 878 4345 νικᾶν·
911 4286 937 4344 εἷ
959 4283 992 4348 δι’
1019 4284 1069 4344 καί
1095 4281 1215 4358 βέλτιον
1235 4283 1291 4341 τοῦ
1314 4282 1396 4340 νικᾶν

279 4362 477 4443 βουλεύονται
507 4367 535 4429 οἳ
562 4368 640 4442 θεοί,
672 4364 829 4448 εὖτυχοίην
849 4363 896 4430 dlv.
918 4367 993 4450 λέγει
1016 4367 1049 4430 δὲ
1070 4364 1104 4430 τὸ
1128 4365 1232 4449 φιλίαν
1253 4365 1395 4442 ίμβαλεῖν

281 4457 343 4522 τοῖς
369 4449 523 4532 ἇιλελφοῖς.
572 4455 670 4513 Eadem
700 4457 771 4514 aliud
804 4456 915 4514 indidem
944 4456 1040 4513 editum
1069 4455 1187 4512 scholion
1214 4452 1300 4528 paullo
1336 4452 1394 4508 aliis

280 4532 366 4594 verbis
389 4541 494 4612 exponit
546 4540 573 4596 ln
595 4540 640 4596 illo
663 4557 764 4617 quoque
785 4541 880 4598 dictum
903 4535 966 4618 είην
988 4533 1025 4598 ἂν
1047 4530 1181 4616 εὐτυχής.
1232 4535 1393 4610 Omninoque
