2996 5136
667 313 740 390 149

245 489 411 591 Ὡρίαινοί
430 494 461 568 τ’
485 491 669 592 ἐννύχιον,

246 613 420 716 καρύξατ’
448 619 636 723 ἀγγελίαν,

246 740 430 841 Εὐρώταν
454 742 691 844 ἐφεζόμεναι,

242 868 439 954 Μενέλεως
463 871 521 945 ὅτι
545 870 750 973 Δαρδοίνου

242 987 349 1070 πόλιν
369 993 464 1071 ἑλιδν
489 992 609 1095 δόμον
630 998 716 1094 ἥξει.

498 1189 786 1291 ἅντιστροφὴ
832 1191 882 1291 β’.

235 1335 386 1434 μόλοιτέ
408 1341 495 1415 ποθ’
519 1347 646 1421 ἵππιον
671 1348 775 1448 ἅρμα

235 1461 282 1536 δι’
309 1466 461 1566 αλθὲρος
484 1467 619 1566 ἱέμενοι

234 1588 363 1673 παῖδας
391 1591 635 1693 Τυνδαρίδαι,

233 1722 416 1816 λαμπρῶν
439 1719 505 1794 οἵτ’
533 1720 683 1820 ἄστρων
706 1721 767 1798 ὑπ’
791 1717 873 1816 ἀέλ-

125 2062 210 2120 etiam
233 2061 379 2120 novissimi
400 2061 546 2137 editores,
582 2066 637 2124 etsi
658 2067 713 2124 iam
736 2063 916 2144 Stephanus,
936 2065 1011 2124 biss.
1037 2086 1103 2127 suos
1127 2088 1230 2130 memo·

124 2165 204 2216 rans,
227 2165 289 2203 cum
312 2165 402 2224 coque
418 2146 575 2210 Baruesius
598 2147 750 2220 Πλειάδας
770 2151 936 2248 scripseram,
958 2169 1048 2227 eaque
1069 2153 1158 2212 forma
1179 2175 1230 2213 no-

122 2228 206 2287 minis
228 2247 342 2308 semper
363 2248 442 2289 usum
465 2250 530 2290 esse
551 2229 719 2312 Euripidem
739 2229 908 2291 Matthiae'
899 2249 963 2312 rpse
985 2232 1138 2296 adnotavit.

205 2340 298 2397 1512.
342 2334 417 2396 Edd.
447 2339 656 2398 vetustissimae
686 2335 851 2436 Εὐρώπαν.
899 2338 1033 2398 Primo
1025 2361 1053 2398 tu
1077 2341 1167 2403 Herv.
1193 2355 1224 2406 2

124 2419 271 2480 emendate
293 2416 453 2498 diducitur,
480 2419 553 2502 quod
574 2434 619 2481 est
640 2423 724 2482 ctiam
747 2423 775 2480 in
798 2421 878 2482 Flor.
897 2432 926 2483 1.
944 2433 976 2484 2.
992 2421 1074 2483 Vict.

205 2531 297 2592 1513.
343 2525 424 2587 Libri
454 2527 622 2603 Μενέλαος.
668 2527 852 2591 Scribendum
881 2549 945 2589 csse
975 2529 1135 2603 Μενέλεως
1157 2531 1226 2594 vidit

118 2612 277 2683 Matthiae,
306 2630 358 2670 neo
383 2623 476 2672 tamon
498 2624 547 2672 aut
571 2616 632 2695 ipse
654 2625 702 2674 aut
724 2614 770 2693 qui
793 2623 856 2693 post
877 2633 953 2676 eum
962 2613 1103 2674 Helenam
1125 2612 1223 2674 edide-

117 2708 183 2757 runt
204 2696 335 2775 recipcre
357 2708 421 2756 suut
441 2697 514 2757 ausi.

200 2806 293 2868 1515.
337 2803 415 2864 Edd.
440 2803 561 2883 μόλοιτέ
582 2803 692 2868 ποθ’“
678 2828 801 2868 ιττττιιον
818 2802 909 2904 ίίρμα.
948 2803 1041 2864 Deest
1054 2803 1100 2863 luc
1119 2824 1220 2865 versus

115 2890 143 2947 iu
165 2888 249 2948 Fiur.
266 2899 294 2949 1.
334 2889 367 2948 lu
390 2888 470 2950 Flur.
489 2900 521 2952 2.
545 2902 637 2952 antem
660 2890 882 2969 circumscriptis
905 2887 991 2950 lineis
1013 2887 1150 2960 inclusus,
1172 2886 1221 2946 ad-

115 2973 222 3050 scripto
242 2969 394 3050 περισσόν.
437 2974 470 3033 lu
493 2994 535 3034 eo
549 2973 648 3035 codice
666 2995 722 3072 pro
744 2972 826 3052 ἅρμα
846 2983 891 3032 cst
913 2967 1013 3053 οἶδμα,
1035 2969 1218 3032 sediumar

113 3055 180 3132 gine
194 3079 240 3136 γρ.
256 3053 346 3135 α’ρμα.
389 3057 466 3116 Hinc
479 3058 611 3117 coniiciat
627 3060 690 3136 quis
704 3059 823 3116 forsitan
838 3053 925 3135 οἶμα,
944 3057 1112 3136 praesertim
1134 3075 1217 3135 quum

113 3139 193 3216 cquis
223 3141 417 3238 potiusquam
440 3159 524 3200 curru
546 3153 644 3205 vectos
665 3143 732 3219 fingi
754 3138 935 3220 Tyndaridas
957 3138 1111 3198 videamus.
1155 3135 1217 3197 Ve-

113 3241 173 3280 rum
193 3241 227 3281 sa
242 3225 407 3302 perantiqua
427 3233 457 3282 et
476 3244 531 3283 uon
549 3224 651 3301 tragici
667 3225 805 3284 sermonis
821 3245 877 3284 vox
895 3241 961 3283 esso
974 3221 1097 3282 videtur.
1132 3220 1216 3324 Qupd

110 3302 254 3364 Pindarus
274 3305 374 3368 lstbm.
397 3307 422 3368 1.
444 3315 496 3368 23.
522 3308 637 3386 scripsit
658 3305 694 3366 de
711 3305 832 3366 Castore
855 3318 884 3366 et
903 3307 999 3366 loiao·
1040 3311 1135 3368 κεῖνοι
1157 3301 1216 3406 peip

109 3384 222 3466 ἡρώιον
253 3388 434 3468 διφρηλάται
460 3391 667 3468 Λακεδαίμονι
697 3390 747 3450 καὶ
778 3388 893 3469 Θήβαις
919 3389 1085 3451 ἐτέκνωθεν
1113 3386 1215 3465 ιιρίιτι

110 3491 192 3544 οτοι,
218 3472 403 3545 scholiastes,
433 3473 508 3554 quod
528 3473 564 3534 ad
588 3494 701 3536 currum
723 3475 858 3547 attineat,
887 3471 1076 3534 tantummodo
1098 3482 1215 3578 ρτρρῐοι·

108 3556 213 3616 Iolcum
242 3555 351 3616 dixisse
380 3569 492 3637 poetam
515 3569 620 3618 monet.
665 3557 724 3618 Sed
744 3557 831 3639 Pytb.
855 3557 895 3619 V.
916 3569 966 3620 11.
990 3555 1149 3636 legimus‘
1133 3579 1215 3617 ειιατι

108 3636 320 3718 χρυσαρμάτου
325 3641 524 3744 Καοτορος,
561 3644 609 3702 ubi
638 3640 787 3701 Castorem
812 3643 931 3719 bigas
924 3643 1067 3701 iuvenisse
1097 3651 1214 3700 narrant

107 3723 290 3783 scholiastae·
325 3719 491 3787 ‘'“Inncov
471 3750 553 3805 αρμα
576 3727 690 3805 scripsit
711 3725 865 3785 Elmsleius
885 3725 922 3785 ad
943 3725 1063 3784 Heraci.
1078 3727 1151 3786 845.

189 3835 283 3893 1517.
327 3833 403 3892 Edd.
419 3845 486 3894 vett.
503 3835 600 3895 Τυνδα
603 3834 693 3915 ρ,ίδες
714 3844 899 3912 opportunum
915 3829 1208 3900 cuidamvirodocto,

107 3916 151 3972 cui
171 3914 320 3974 Aeacidae
348 3917 417 3976 dicti
442 3919 596 3982 Αἰακίδου.
637 3919 842 3995 Τυνδαρίδαι,
871 3926 902 3974 ut
923 3915 1073 3994 scaligero
1094 3923 1210 3972 auctore

105 3997 262 4160 3:3⁰3ss
288 4002 420 4082 scripsit,
459 4003 539 4063 Vict.
563 4001 644 4062 Flor.
666 4011 696 4063 1.
714 4011 745 4061 2.
774 4018 891 4079 quorum
920 4000 1003 4058 ina.
1031 4015 1117 4076 supra
1137 3995 1209 4054 scri-

184 4193 278 4254 1518.
323 4189 423 4252 Libri:
463 4194 610 4271 λαμπρῶν
638 4189 757 4267 ι’ίστρων
783 4186 836 4250 ὑπ’
865 4186 1032 4261 α’ίλλαισιν,
1062 4186 1093 4247 ολ
1118 4183 1208 4248 ναίετ’

103 4270 249 4352 οόροίνιοι.
291 4270 408 4348 ’Λέλλας
436 4276 472 4336 dc
498 4285 574 4333 motu
601 4272 723 4332 sidorum
752 4271 932 4352 accipiendas
954 4291 1021 4332 esse
1047 4271 1207 4333 observavit

99 4356 295 4461 Musgravius.
340 4357 500 4419 Novissimi
520 4357 645 4418 editores
668 4357 921 4437 interpunctionem
946 4356 1129 4429 sustulerunt,
1152 4377 1206 4437 qua

99 4435 250 4505 ιίέλλαισιν
268 4441 305 4500 ad
319 4441 440 4523 μόλοιτε
462 4439 499 4505 δι’
512 4441 638 4522 αἰθέρος
658 4439 771 4522 ίέμενοι
791 4438 989 4502 referebatur.
1005 4449 1039 4498 ct
1059 4459 1127 4500 sane
1149 4461 1206 4499 mn-

96 4526 142 4605 gis
162 4527 278 4608 poetica
294 4535 340 4586 est
361 4527 470 4601 oratio,
508 4546 534 4586 su
525 4523 730 4590 ηναίεσθαι
711 4523 762 4588 υτί
783 4522 943 4600 αίλλαις”
922 4545 1041 4606 αστρων
1061 4522 1202 4584 dicuntur
