2996 5136
632 345 706 420 159

116 527 152 602 τί
171 526 323 625 μέλλετ’,
359 523 391 601 αλ
415 533 483 630 γῆς
502 522 674 610 Ἑλλάδος
698 528 924 630 λωτίσματα,

117 649 293 752 σφάζειν,
328 648 501 751 φονεύειν
522 647 761 752 βαρβάρους,
801 652 894 739 νευίς
916 658 947 733 τ’
974 661 1048 738 άπο

115 776 256 875 ῥίπτειν
281 779 318 860 ἐς
342 775 457 874 οἶδμα
464 807 477 866 ,·
518 774 727 874 ναυβάταις
752 776 793 854 ‹tt
817 785 915 856 τοῖσι
940 791 1016 869 σοῖς

114 905 189 1000 βοᾷ
213 899 407 995 κελευστὴς
428 900 498 996 τὴν
523 900 697 979 ἐναντίαν
721 904 814 978 ι’ίπα·

117 1029 186 1102 οὐκ
211 1025 259 1101 al'
287 1027 307 1101 ὃ
332 1026 403 1124 μίν
427 1055 483 1111 τις
507 1029 664 1102 λοῖσθον
689 1027 832 1126 ἀρεῖται
857 1030 964 1131 άόρυ,

116 1153 136 1227 ὃ
161 1150 202 1227 δὲ
230 1149 308 1254 ζύγ’
336 1153 426 1236 ἄξας
432 1207 444 1240 ,
480 1151 562 1227 iid’
586 1151 737 1251 ἀφελών
762 1163 932 1253 σκαλμοῦ
955 1155 1110 1257 πλάτην,

114 1273 399 1374 καθαιματώσει
422 1283 544 1378 κροῖτα
570 1276 758 1378 πολεμίων
777 1279 913 1370 §domm

113 1401 227 1502 ὀρθοῖ
250 1401 290 1476 ‹l’
316 1402 459 1497 ἀνῇξαν
483 1397 636 1490 πάντες,
664 1404 698 1478 οἳ
722 1401 793 1500 μὲν
818 1406 859 1479 ἐν
879 1413 1008 1506 χεροῖν

112 1525 276 1626 κορμοὺς
299 1528 441 1622 ἔχοντες
465 1524 682 1616 ναυτικούς,
710 1529 745 1602 οἳ
770 1525 811 1604 (λε’
837 1529 933 1630 ξίφη.

112 1649 223 1752 φόνῳ
248 1649 289 1727 dl
316 1659 409 1734 ναῦς
434 1654 583 1749 ἐρρεῖτο·
621 1652 907 1754 παρακέλευσμα
932 1655 972 1732 δ’
995 1655 1043 1752 ἦν

199 2001 292 2057 1612.
336 1993 520 2075 Hesychius:
554 1991 687 2076 λοίτισμα
714 1995 827 2076 (neseio
853 2019 889 2058 au
913 1999 1081 2081 λωτίσματα
1108 2026 1144 2066 ex
1164 2007 1217 2072 hoc

113 2079 175 2157 ipso
195 2077 343 2158 Euripidis
366 2097 449 2140 versu
473 2081 628 2158 posuerit),
657 2080 689 2146 oi
708 2086 823 2162 πρῶτοι
844 2082 895 2144 καλ
916 2083 1073 2151 ἐπίλεκτοι.

197 2184 291 2240 1614.
336 2175 411 2246 Eut.
435 2187 504 2239 vett.
528 2177 681 2252 ναυάταις.
1064 2245 1067 2253 Ι

200 2286 292 2341 1616.
337 2275 414 2335 uod.
439 2274 552 2338 οίίκουν
575 2276 592 2339 ὁ
614 2275 668 2357 μέν
689 2301 741 2350 τις.
784 2279 853 2340 ean.
877 2280 915 2340 E.
940 2283 1023 2346 Flor·
1041 2297 1073 2348 2.
1099 2286 1155 2351 οιίκ
1176 2287 1218 2352 al’

113 2359 208 2440 άμὲν
230 2385 283 2435 τις.
326 2359 360 2418 lu
383 2359 463 2419 Flor.
479 2370 511 2421 2.
535 2361 676 2421 additum:
711 2385 758 2442 γρ.
781 2363 819 2424 οὔ
836 2363 974 2447 {uocari
997 2371 1034 2448 με’
1053 2395 1114 2447 τις,
1142 2374 1216 2453 quod

112 2448 204 2526 ipsum
234 2447 263 2505 iu
291 2442 373 2503 Flor.
395 2455 424 2505 1.
456 2463 521 2504 esse
547 2446 588 2503 ait
613 2445 763 2506 Matthiae.
821 2452 961 2522 Λοῑσθος
992 2473 1047 2512 non
1074 2455 1218 2517 invenitur

111 2529 185 2610 apud
216 2531 358 2607 tangiaco,
388 2528 443 2586 nisi
463 2526 537 2606 apud
559 2527 727 2606 Sophoclem
758 2531 786 2587 in
813 2529 1067 2600 caecatam.
1095 2540 1142 2602 uhi
1165 2543 1217 2601 ilu-

111 2624 189 2676 ctuat
212 2615 362 2692 scriptura,
389 2621 417 2670 et
439 2612 467 2671 in
487 2611 664 2675 Philoctetae
688 2611 724 2670 ad
745 2613 859 2672 Troiam
884 2616 921 2676 fr.
942 2630 971 2682 1.
1014 2619 1128 2682 Deinde
1151 2625 1215 2685 ΗΜ

111 2699 257 2778 αἱρεῖται,
283 2691 356 2773 quod
379 2694 408 2754 in
430 2692 545 2770 α’ρεῖται
566 2705 698 2754 mutatum
721 2697 756 2754 ah
777 2691 914 2759 Elmsieio
942 2701 977 2762 ad
998 2703 1116 2764 Heracl.
1139 2717 1213 2772 323,

111 2793 140 2844 et
162 2780 198 2841 ad
220 2777 302 2840 Met.
322 2784 394 2839 481.
420 2789 479 2838 not.
495 2779 523 2838 b.
567 2779 664 2838 Nimia
684 2799 754 2839 vero
776 2781 847 2840 mira
868 2796 965 2844 narrat
985 2787 1146 2868 Pssugkius,
1168 2794 1215 2872 qui

111 2871 241 2929 λοῖσθον
262 2856 338 2942 δόρυ
360 2872 459 2922 οοολοε
481 2863 601 2941 intelligi
624 2863 711 2934 iuhet,
742 2882 811 2942 quos
835 2875 962 2928 extrema
984 2873 1028 2931 sui
1048 2883 1129 2952 parte
1151 2895 1216 2935 cof.

111 2951 166 3030 nipi
192 2947 290 3008 iubeat
316 2946 501 3024 portisculus,
535 2966 590 3025 quo
611 2947 726 3024 gravior
746 2947 829 3027 plaga
852 2948 981 3012 deorsum
1004 2956 1123 3018 feratur.
1166 2959 1215 3035 Na

112 3049 346 3100 commemorem,
382 3028 455 3108 quod
481 3029 536 3088 isto
562 3030 720 3107 significatu
749 3037 877 3094 λοῖσθον
907 3033 963 3095 dici
991 3039 1142 3104 ostendere
1164 3043 1215 3104 de-

110 3119 214 3189 hehnt,
237 3110 442 3192 quisuntem,
471 3112 568 3191 quiin
590 3133 691 3192 magno
713 3115 839 3193 periculo
860 3117 978 3195 quodvis
1000 3123 1084 3183 telum
1107 3111 1213 3206 corripi

110 3203 207 3274 inhet,
227 3217 281 3276 qua
302 3197 412 3256 ratione
434 3215 468 3254 eo
490 3194 622 3255 utendum
645 3197 683 3254 sit
703 3197 883 3276 praecipiat?
917 3200 1005 3262 immo
1028 3207 1164 3282 ultimam,
1188 3212 1213 3269 si

111 3304 184 3366 quae
213 3284 287 3342 forte
316 3279 415 3338 relicta
442 3279 495 3349 sit,
530 3279 637 3338 hastam
667 3279 713 3337 illa
741 3281 800 3358 rapi
832 3281 929 3354 iuhet3
963 3286 1037 3364 quod
1064 3291 1088 3349 si
1116 3290 1215 3352 hastae

110 3369 203 3430 nullae
225 3363 380 3442 supersint,
403 3371 527 3420 transtra
548 3361 689 3440 confringi
712 3381 860 3442 remosque
880 3367 992 3444 paxillis
1012 3373 1120 3432 exsolvi
1142 3377 1211 3435 vult.

136 3461 139 3464 ¹
195 3473 288 3526 1620.
333 3460 413 3535 Quos
434 3455 567 3540 κορμοῦς
587 3455 745 3533 ναυτικοῦς
765 3474 864 3536 vocat,
887 3465 918 3525 hi
938 3487 1006 3528 vero
1029 3474 1105 3532 conti
1128 3488 1211 3538 sunt:

111 3553 239 3612 Homero
259 3541 348 3622 ξυστά
371 3541 507 3625 ναύμαχα
526 3541 608 3605 iliad.
636 3543 708 3606 XV.
731 3553 803 3609 389.
823 3556 895 3611 677.
928 3549 1082 3616 Plutarcho
1104 3558 1133 3620 ia
1156 3563 1214 3622 vita

109 3632 243 3698 Marcelli
266 3651 292 3690 c.
310 3638 359 3690 12.
389 3626 500 3720 δόρατα
520 3633 581 3690 τοῖν
600 3627 762 3710 ναυμάχων
784 3631 904 3714 μεγάλα.

193 3742 286 3797 1621.
331 3729 431 3789 Libri:
463 3725 602 3807 alcath
623 3734 696 3802 ναῦς
717 3730 848 3811 ἐρρεῖτο·
876 3735 1102 3816 παρακέλευσμα
1122 3733 1212 3814 δ’ἦυ.

78 3857 82 3868 ·
108 3819 264 3880 Elmsleius
285 3816 415 3874 iurncaa
436 3811 598 3893 Supplicem
621 3813 753 3876 editionis
769 3818 939 3878 censuraad
954 3841 981 3880 v.
1000 3829 1073 3884 303.
1085 3825 1210 3888 XXXI.

109 3903 252 3964 correxit:
285 3896 371 3976 φόνῳ
394 3894 426 3958 δὲ
446 3903 520 3971 ναῦς
542 3898 639 3978 ἕῤῥει·
668 3895 702 3987 τὸ
725 3902 950 3982 παρακέλευσμα
975 3901 1000 3966 d'
1021 3899 1078 3985 ἦν,
1100 3927 1213 3988 compa·

109 4007 174 4046 raus
196 3983 290 4066 lphig.
315 3981 402 4043 Taur.
426 3989 499 4042 320.
1232 4021 1235 4026 ·

285 4080 324 4150 οὗ
347 4083 385 4166 δὴ
408 4083 443 4148 τά
465 4081 566 4148 δεινὸν
586 4086 801 4170 παρακέλευσμ’
824 4086 1006 4171 ἠκούσαμεν.
1067 4127 1070 4136 ·

108 4197 192 4274 Quod
218 4197 330 4274 recepit
355 4193 516 4272 Piluglnius.
567 4191 604 4256 L.
626 4193 790 4257 Diodorlius
811 4207 922 4269 antem,
952 4201 1052 4258 nascio
1071 4205 1210 4281 quomodo

107 4284 255 4346 molestum
277 4280 306 4338 in
326 4277 456 4338 Elmsleii
477 4276 675 4343 emendatione
692 4279 840 4338 articulum
857 4299 922 4340 csse
940 4301 993 4342 noc
1011 4281 1125 4346 defendi
1136 4290 1211 4368 lphi-

107 4367 209 4445 geniae
233 4365 323 4432 loco,
344 4359 477 4440 quodibi
502 4357 602 4424 δειυίν
622 4359 747 4421 additam
769 4363 824 4434 sit,
855 4381 995 4437 censens,
1028 4367 1101 4430 hauc
1124 4373 1212 4435 edidit

106 4449 187 4511 valde
210 4443 372 4525 languidam
394 4446 581 4524 scripturam
615 4442 702 4527 φίνῳ
725 4443 757 4508 δὲ
779 4449 853 4520 ναῦς
874 4446 953 4526 ddum
976 4447 1035 4514 τότ’
1057 4452 1134 4532 ίίρα·
1156 4454 1211 4520 'aaa

106 4539 218 4615 λευσμα
240 4527 266 4592 δ’
287 4521 339 4610 ἦν.
382 4527 450 4592 Non
471 4528 710 4594 animadverterat
729 4531 759 4592 iu
780 4527 910 4593 Elmslcii
927 4532 1049 4598 lectione
1065 4537 1119 4602 hoc
1136 4539 1208 4602 dicia
