3026 5134
141 546 235 622 ὅθεν
259 537 445 641 τύραννος
468 534 575 634 τῆςδε
599 542 668 638 γῆς
690 519 933 624 καθίσταται,

24 693 28 698 ’
139 670 204 749 καὶ
230 675 380 766 σκῆπτρ’
407 664 556 738 ἔπαθλα
579 659 687 758 τῆςδε
712 653 897 757 λαμβάνει
918 651 1073 752 χθονός.

139 801 254 902 γαμεῖ
277 791 319 870 δὲ
343 789 414 890 τὴν
438 795 620 892 τεκοῦσαν
646 784 714 861 οὐκ
738 781 847 866 εἰδώς
869 778 997 870 τάλας,

141 923 226 1000 οὐδ’
255 919 277 1020 ἡ
302 925 461 994 τεκοῦσα
485 911 593 990 παιδὶ
618 907 912 1014 συγκοιμωμένη.

139 1048 254 1126 τίκτω
280 1045 322 1122 δὲ
346 1039 484 1125 παῖδας
508 1035 616 1116 παιδὶ
640 1033 712 1113 δύο
736 1033 807 1132 μὲν
832 1034 1004 1134 ἄρσενας,

132 1173 319 1250 Ἐτεοκλέα
343 1164 490 1265 κλεινήν
514 1196 553 1241 τε
580 1159 832 1246 Πολυνείκους
855 1158 962 1261 βίαν,

49 1387 51 1398 .
141 1299 254 1400 κόρας
278 1328 317 1372 τε
343 1289 491 1377 δισσάς·
518 1290 588 1389 τῆν
613 1288 684 1388 μὲν
702 1285 877 1386 Ἰσμῆνην
901 1283 1023 1384 πατὴρ

141 1423 334 1524 ὠνόμασε,
359 1421 428 1519 τῆν
453 1417 495 1495 dd
520 1413 690 1515 πρόσθεν
707 1409 926 1516 Ἀντιγόνην
951 1395 1036 1512 ἐγῶ.

121 1550 282 1652 ιμαθαλν
307 1548 349 1628 δὲ
373 1545 477 1644 τάμὰ
503 1544 634 1640 λέκτρα
658 1534 845 1640 μητρῴων
869 1533 1005 1640 γάμων

140 1679 161 1754 ὃ
188 1675 296 1754 πάντ’
328 1671 491 1756 ἀνατλὰς
518 1667 697 1750 Ολιλίποος
721 1659 944 1758 παθήματα,

139 1810 190 1889 εὶς
215 1802 364 1903 ὄμμαθ’
395 1798 513 1875 αὑτοῦ
538 1793 664 1872 δεινὸν
687 1787 861 1890 ἐμβάλλει
887 1781 1021 1886 (μόνον,

131 2010 387 2024 ...μμ-ψ...

137 2153 187 2210 pro
208 2131 314 2208 vulgato
338 2119 455 2206 αἴνιγμ’
475 2116 548 2198 ἰμός
570 2123 652 2196 ταῖς,
673 2116 742 2192 quod
758 2115 878 2174 ridentur
894 2131 984 2171 omnes
1004 2114 1061 2170 libri
1079 2109 1181 2170 habere.
1203 2110 1256 2168 Ad·

139 2217 179 2274 dit
196 2223 281 2274 autern
299 2207 316 2273 ὃ
333 2209 383 2272 καλ
405 2205 534 2286 βέλτιον.
564 2204 651 2279 Atque
669 2205 719 2258 etsi
737 2220 790 2257 non
813 2199 885 2276 dicit,
905 2204 949 2273 qui
963 2198 1080 2265 sintilli,
1098 2202 1142 2272 qui
1161 2189 1257 2256 Mol-

138 2321 198 2374 σας
215 2301 336 2368 scribant,
358 2303 445 2355 tanuen
466 2293 517 2352 hoc
538 2285 711 2364 recipiendum
730 2284 801 2353 duxi,
821 2283 890 2359 quod
906 2303 958 2340 non
980 2288 1094 2358 apparet,
1118 2281 1257 2358 quomodo,

139 2390 163 2444 si
182 2379 308 2464 αἴνιγμα
333 2385 491 2458 scriptume
515 2381 592 2454 poeta
613 2368 765 2439 inissetid
786 2371 923 2444 quisquaru
946 2371 973 2424 in
996 2356 1133 2435 Μούσας
1156 2377 1256 2424 mutan·

138 2470 200 2528 dum
219 2471 356 2548 putaverit.
399 2463 470 2522 Nam
489 2463 626 2537 quominus
645 2455 671 2512 id
691 2455 828 2512 correctori
845 2455 1012 2530 grammatico
1033 2471 1091 2508 cum
1111 2451 1256 2507 Valckena-

139 2559 188 2626 rio,
214 2557 288 2612 cuius
310 2554 386 2610 docta
408 2567 471 2606 rane
491 2545 632 2620 disputatio
650 2548 703 2610 est,
727 2539 878 2606 tribuamus,
901 2541 978 2594 etiam
993 2535 1059 2592 illud
1075 2536 1169 2606 obstat,
1188 2533 1256 2611 quod

138 2637 261 2699 Μοῦσα
278 2640 355 2695 iniis
371 2631 505 2693 vocabulis
524 2637 573 2696 ert,
590 2627 682 2701 quibus
698 2621 773 2679 valde
791 2619 965 2678 delectabatur
981 2618 1128 2694 Euripides.

225 2719 276 2782 dl.
296 2722 376 2779 Hunc
389 2735 493 2775 versum
510 2711 676 2771 Valckenarii
692 2706 815 2765 iudicium
835 2707 917 2763 secuti
939 2704 1088 2763 deleverunt
1097 2702 1256 2772 Bruuclriue,

137 2807 262 2877 Beckius,
286 2805 437 2880 Porsonus,
459 2805 535 2860 uncis
554 2797 662 2854 inclusit
687 2791 825 2850 Matthiae.
867 2790 975 2847 Poterat
991 2808 1055 2846 sane
1072 2791 1180 2846 abesse:
1203 2806 1256 2845 non

24 2936 27 2946 ψ
137 2901 304 2968 esttamen,
331 2909 377 2947 cur
400 2887 463 2945 ferri
490 2891 609 2960 nequeat,
636 2897 722 2955 quum,
744 2878 794 2933 etsi
814 2875 869 2932 fere
889 2875 957 2932 idern
979 2873 1048 2958 quod
1068 2888 1180 2949 sequeus
1201 2891 1257 2928 ror-

136 2996 186 3046 sus
207 2980 454 3052 continet‚·.tanren
479 2969 524 3027 ille
550 2969 588 3023 rei
610 2966 694 3038 magis
715 2959 884 3018 declarandae
905 2957 1037 3017 inserviat.
1081 2957 1164 3023 Quem
1187 2961 1256 3015 enim

137 3079 294 3139 magnopere
315 3055 437 3117 offendat,
458 3057 482 3109 εἰ
504 3055 562 3128 quis
583 3047 666 3104 dicat:
695 3065 729 3102 ex
750 3063 800 3120 quo
822 3063 868 3100 rex
889 3039 975 3101 factus
996 3051 1049 3112 est,
1072 3041 1209 3118 datumque
1230 3045 1256 3099 ei
1327 3047 1330 3054 ⁴

137 3155 266 3223 sceptrum
291 3145 399 3220 praemii
422 3137 497 3196 locoi
539 3133 684 3210 Argutatur
702 3128 901 3196 Valckenarius,
928 3147 1006 3202 quum
1029 3132 1105 3183 etiarn
1128 3119 1202 3184 ὅθεν
1222 3127 1255 3184 ad

134 3228 342 3291 labefactandum
373 3241 477 3281 versum
505 3217 618 3276 adhibet.
659 3209 767 3285 Aliquid
793 3210 915 3286 ponderis
941 3217 1013 3266 esset
1032 3213 1060 3265 in
1080 3208 1178 3267 scholio
1200 3209 1255 3271 Au·

136 3324 263 3394 gustaro,
284 3317 309 3370 si
330 3308 357 3368 id
377 3309 442 3368 haec
463 3307 521 3363 sola
540 3301 618 3358 rerba
639 3296 758 3353 haberet:
781 3286 825 3370 ἐπ’
845 3287 945 3352 οὐδενὶ
964 3297 1057 3352 κεῖται
1075 3287 1254 3366 τὸέπαθλα

134 3392 262 3482 ἦμόνῳ
277 3397 321 3481 τῷ
342 3387 509 3473 Εὐριπίδη·
531 3379 606 3445 ὅθεν
624 3373 860 3462 μεταγράφονσλ
876 3397 961 3448 τινες.
1002 3378 1047 3436 Sic
1068 3381 1135 3434 enim
1157 3377 1254 3435 ridere·

136 3496 179 3544 tur
206 3484 291 3542 dicere
318 3500 377 3538 esse
405 3481 449 3554 qui
475 3495 521 3552 pro
548 3488 626 3528 rersu
654 3461 704 3524 52.
726 3467 867 3522 scriberent
898 3455 972 3522 ὅθεν
996 3455 1145 3540 τύραννος
1165 3459 1254 3538 τῆςδε

134 3570 192 3648 γῆς
219 3563 414 3628 καθίσταται.
455 3558 494 3620 At
521 3558 649 3630 sequitur:
682 3543 718 3609 td
746 3545 780 3608 δὲ
801 3541 883 3623 ἑξῆς·
915 3546 966 3608 καλ
988 3549 1129 3625 σκῆπτρα
1147 3541 1254 3628 χώρας

134 3646 223 3732 τῆςδ’
252 3643 294 3723 ὡς
314 3637 400 3709 ἆθλα
412 3635 571 3719 λαμβάνει.
618 3638 679 3695 Ηοο
705 3635 770 3692 nulli
794 3635 880 3710 potuit
903 3638 1070 3711 grammatico
1091 3637 1119 3690 in
1141 3642 1253 3690 mentem

135 3743 233 3796 venire.
275 3735 368 3812 Neque
388 3751 450 3790 vero
473 3735 518 3786 aut
538 3720 574 3785 τὸ
595 3717 664 3800 ἑξῆς
691 3712 788 3788 οὕτως
809 3719 971 3776 scribendum
994 3726 1039 3774 aut
1060 3716 1169 3773 delenda
1190 3724 1253 3774 sunt

136 3817 172 3879 τὸ
195 3817 228 3878 δὲ
248 3812 326 3897 ἑξῆς,
347 3826 378 3876 ut
396 3811 588 3876 Valckenarius
609 3807 770 3874 coniiciebat,
792 3801 840 3858 sed
856 3805 942 3876 potius
953 3800 1099 3876 reponenda
1111 3805 1172 3856 sunt
1186 3819 1251 3874 quae

137 3903 294 3972 exciderunt,
315 3911 448 3978 totumque
473 3897 591 3956 scholion
612 3896 649 3949 ita
670 3884 848 3946 scribendumr
871 3878 947 3960 παρ’
979 3878 1077 3942 οὐδενὶ
1099 3887 1194 3940 κεῖται
1214 3877 1251 3942 τὸ

136 3981 262 4048 ἔπαθλα
287 3978 307 4062 ἢ
333 3979 419 4066 μόνῳ
445 3983 489 4065 τῷ
519 3973 686 4055 Εὐριπίδη·
714 3963 789 4028 ὅθεν
813 3959 1048 4047 μεταγράφουσί
1065 3986 1160 4036 τινες,
1188 3965 1251 4026 καλ

136 4070 310 4148 σκῆπτρα
330 4061 457 4146 χώρας
484 4052 590 4122 ἆθλα
616 4052 726 4132 τῆςδε
753 4043 951 4124 λαμβάνει.
980 4045 1016 4110 τὸ
1045 4045 1079 4110 dd
1099 4043 1177 4129 ἑξῆς,
1198 4049 1250 4110 καὶ

135 4156 276 4236 σκῆπτρα
294 4141 400 4230 χώρας
419 4142 506 4227 τῆςδ’
530 4138 572 4214 ὡς
592 4131 678 4200 ἆθλα
699 4127 859 4210 λαμβάνει.
1229 4163 1232 4168 ·

220 4236 271 4298 57.
293 4234 368 4296 Nihil
395 4253 462 4311 opus
487 4239 517 4288 ut
536 4220 631 4302 κόρας
656 4218 691 4280 δὲ
712 4215 819 4286 δισσὰς
840 4238 897 4276 cunr
921 4217 1095 4277 Wakefieldio
1117 4222 1250 4292 scribatur,

134 4347 209 4406 quem
231 4325 355 4402 probabat
373 4317 516 4378 Elmsleius
537 4317 563 4369 in
584 4310 658 4370 Dior.
677 4306 756 4362 class·
775 4303 838 4362 XV·
860 4321 886 4378 p·
904 4300 976 4362 203.

219 4408 270 4469 60.
293 4408 372 4465 Hunc
387 4419 489 4480 quoque
499 4413 603 4457 vorsum
613 4389 786 4452 Valckenario
802 4396 906 4446 auctore
916 4387 1066 4446 Brunclrius
1077 4398 1104 4447 et
1114 4390 1248 4449 Porsonus

132 4502 270 4565 eiecerunt,
290 4497 366 4552 unsis
386 4489 493 4548 inclusit
513 4479 651 4554 Matthiae,
673 4472 826 4532 serrandum
839 4482 923 4530 tameo
941 4481 1022 4544 ratus,
1039 4484 1069 4532 ut
1084 4477 1147 4532 bene
1161 4475 1247 4533 deferr·

134 4599 192 4638 suro
210 4583 242 4638 ab
257 4577 370 4658 Nagelio
386 4577 414 4634 iu
425 4573 502 4630 Actis
512 4570 571 4628 Soc.
585 4566 658 4623 Trai.
670 4560 718 4619 lv.
729 4580 756 4637 p.
770 4556 843 4620 297.
875 4557 1001 4618 Defendit
1012 4563 1089 4618 etiam
1101 4560 1248 4620 Haaolrius.
