3028 5136
767 306 818 380 28

627 489 778 562 ΣΕΙΛ
784 489 871 564 ΗΝ
876 491 963 568 ΟΣ.
1003 573 1005 576 ,

239 612 295 712 μοὶ
317 611 385 689 τὸν
409 609 586 688 Ποσειδῶ
608 611 677 688 τὸν
700 608 858 690 τεκόντα
882 613 936 703 α’,
952 611 994 689 ,ὦ
1018 611 1199 717 Κύκλωψ,

168 732 294 831 265μᾶ
319 734 387 813 τὸν
410 736 530 839 μέγαν
559 735 730 836 Τρίτωνα
754 737 817 813 καὶ
841 737 910 836 τόν
934 740 1071 839 Νηρέα,

238 858 294 958 μὰ
319 858 389 956 τὴν
412 859 582 961 Καλυψώ
600 859 675 946 τός
697 891 737 937 τε
762 863 913 961 Νηρέως
934 861 1060 963 κόρας,

238 980 287 1059 τό
312 985 358 1058 θ’
384 983 466 1085 ἱεροὶ
490 981 632 1082 κύματ’
656 966 807 1084 ὶχθόων
830 1017 870 1064 τε
895 995 972 1065 πᾶν
994 989 1112 1093 γένος,

239 1105 426 1208 ἅπώμοσ’,
453 1107 484 1186 ὦ
508 1107 706 1187 κάλλιστον
712 1168 726 1202 ,
754 1109 1041 1204 ὦΚοκλοόπιον,

239 1265 270 1311 ω
253 1232 531 1323 δεσποτίσκε,
555 1264 607 1332 μη
594 1234 743 1311 rd³
705 1261 729 1312 σ
770 1237 942 1323 ἐξοδόν
927 1238 999 1342 εγὼ

167 1367 231 1434 270
240 1359 373 1446 ξενοισι
397 1357 577 1460 χρήματ’,
628 1359 653 1456 ἢ
681 1371 806 1446 κακῶς
831 1359 935 1440 οὗτοι
960 1363 1069 1440 κακοὶ

238 1517 274 1562 οι
263 1486 427 1570 παῖδας
451 1487 666 1575 onttowu',
695 1487 760 1570 οὓς
783 1483 934 1586 μάλιστ’
961 1488 1033 1592 ἐγώ
1059 1497 1167 1588 φιλῶ.

680 1658 761 1742 XO
768 1659 903 1733 ΡΟΣ

237 1779 351 1864 αὐτὸς
375 1779 442 1876 ἔχ’.
485 1781 600 1882 ἔγωγε
626 1785 704 1864 τοῖς
729 1779 844 1865 ξένοις
868 1780 916 1856 τοὶ
938 1777 1114 1880 χρήματα

235 1901 425 2005 περιόντα
450 1905 486 1979 o³
514 1904 632 1980 εἶδον·
666 1909 697 1979 εἰ
722 1902 763 1980 d³
790 1903 863 2008 dyo)
888 1905 1011 2003 ψευδῆ
1036 1906 1141 2009 λέγω,

237 2027 413 2107 ἀπόλοιθ’
439 2029 460 2105 ὃ
486 2025 606 2128 πατήρ
631 2057 724 2127 μου,
749 2029 839 2113 τοὺς
864 2031 989 2114 ξένους
1014 2030 1055 2107 dd
1080 2030 1133 2130 μὴ
1156 2029 1285 2106 οἷόίκει.

650 2203 692 2272 K
700 2204 776 2271 YK
775 2200 815 2271 A
822 2198 863 2272 Ω
876 2203 919 2273 Ψ.

165 2339 227 2403 275
236 2318 444 2424 ψεόόεοθ’·
496 2323 611 2425 i'ywya
632 2321 729 2423 cpida
753 2331 822 2398 τοῦ
843 2319 1133 2422 Ῥαδαμάνθυος

233 2448 346 2523 πλέον
369 2447 530 2523 πέποιθα
555 2446 618 2522 καὶ
641 2444 873 2547 δικαιότερον
898 2449 1003 2552 λόγον.

234 2573 335 2648 θέλω
361 2572 400 2648 d’
429 2573 597 2673 ἐρέσθαι·
625 2569 746 2649 πόθεν
771 2570 978 2664 ἓπλεόσατζ
1006 2571 1036 2649 ὥ
1064 2571 1157 2658 ξένοι
1164 2604 1183 2666 ,·

234 2697 416 2787 ποδαποί,
442 2697 498 2781 τίς
522 2697 622 2800 ὑμᾶς
647 2698 901 2784 ἐξεπαίόεοσεν
925 2697 1052 2792 πόλις,·

235 2863 511 2878 ffl—

316 2944 390 3006 267.
434 2939 515 3000 Libri
536 2935 626 3044 poih'
650 2937 721 3024 ἱερὰ
764 2944 801 3001 G.
823 2940 989 3004 Dindorbus
1009 2962 1046 3002 ex
1066 2963 1118 3002 sua
1139 2940 1257 3021 quadam
1280 2942 1341 3043 opi-

235 3028 338 3098 niune,
370 3018 473 3103 μάθ’
504 3020 560 3105 ἱρὰ.
602 3024 643 3084 At
664 3046 720 3086 nec
739 3028 787 3105 qui
812 3022 853 3105 μό
873 3049 903 3088 τε
925 3026 1029 3085 dixerit
1050 3027 1134 3097 novi,
1148 3043 1258 3128 neque
1279 3019 1342 3104 ἱερὰ

233 3105 347 3190 πόματα
367 3109 427 3166 sine
450 3109 569 3167 articulo
592 3107 668 3178 dicta
690 3109 820 3184 credam,
852 3131 943 3190 neque
963 3109 1124 3170 lonicum
1112 3104 1160 3211 Qoi
1181 3119 1258 3168 recte
1279 3128 1340 3166 mu-

234 3195 322 3252 nitum
351 3189 450 3263 video,
482 3211 572 3274 neque
602 3195 646 3266 si,
679 3205 710 3252 ut
736 3189 877 3274 θαίμάτια
907 3193 1029 3267 dicitur,
1057 3187 1150 3296 θαῖρόι
1169 3192 1231 3270 quis
1254 3192 1341 3250 scribi

232 3276 370 3347 voluerit,
394 3272 524 3353 cuiquam
546 3277 600 3335 hoc
622 3274 747 3336 auditum
767 3289 846 3358 puto.
892 3277 988 3352 Quare
1008 3271 1098 3338 τόθ’
1123 3271 1185 3355 ἱερὰ
1207 3275 1317 3353 scripsi.

315 3375 389 3438 272.
431 3371 501 3433 Atd.
526 3395 628 3456 corrup
630 3389 657 3436 te
679 3376 748 3460 όγωε
763 3383 831 3449 τοῖς.
860 3377 951 3438 Ηοιν.
972 3381 1001 3438 1.
1022 3375 1076 3457 ἔγω
1097 3398 1166 3446 τοις.
1197 3375 1287 3434 Herv.
1305 3375 1336 3434 2.

154 3511 158 3523 .
232 3459 323 3520 Brub.
348 3451 457 3540 dyoe’
424 3481 460 3519 ov
480 3464 551 3532 τοῖς,
571 3398 628 3518 hisp
637 3461 811 3520 accentibus.
854 3458 901 3518 Ab
924 3460 965 3521 H.
985 3459 1129 3538 Stephano
1149 3457 1236 3540 ἔγωγε
1257 3477 1339 3530 acce-

231 3553 310 3624 ptum
332 3544 361 3602 in
383 3539 500 3602 Canteri
519 3542 662 3617 editione,
690 3543 765 3622 quod
786 3541 872 3601 habet
892 3545 977 3602 etiarn
999 3543 1079 3603 Vict.

313 3643 387 3705 273.
432 3641 507 3701 Edd.
531 3654 600 3702 vett.
623 3639 756 3724 πορόντα.
799 3639 871 3699 Cum
887 3642 928 3701 H.
948 3641 1092 3721 Stephano
1114 3640 1255 3701 Canterus
1272 3603 1338 3723 περ·

232 3721 336 3802 voivre,
360 3724 435 3806 quod
456 3727 550 3786 estin
572 3726 652 3785 Flor.
674 3727 706 3788 2.
730 3723 860 3785 etVict.

314 3827 388 3890 274.
433 3825 515 3886 Libri
537 3819 576 3904 μὴ
598 3821 701 3886 όιὸίκει.

314 3926 387 3992 276.
431 3924 507 3985 Edd.
537 3935 607 3984 vett.
637 3924 724 4006 ἔγωγε
750 3925 835 3986 τοῦδε
861 3928 914 3986 τοῦ
933 3918 1155 4003 Ῥαδαμάνθυος
1173 3916 1265 3984 πολλὰ
1290 3919 1339 3984 πέ-

233 4015 342 4072 πονθα.
392 4009 587 4108 Stephanus
578 4029 608 4066 ιιι
633 4019 690 4068 vet
721 4006 786 4070 cod.
813 4003 897 4070 τόνδε
925 4019 955 4067 et
974 4012 1071 4091 πολλοι
1093 4027 1155 4066 csse
1177 4007 1234 4077 ait,
1265 4024 1338 4084 quae

234 4095 322 4172 ipsius
342 4104 387 4154 ost
407 4095 582 4164 coniectura,
605 4089 718 4150 codices
739 4094 941 4171 praetexentis.
987 4070 1088 4151 notit
1106 4091 1189 4150 etiam
1209 4087 1279 4148 Par.
1298 4089 1335 4146 G.

232 4175 372 4236 Canterus
388 4177 472 4260 τῷδε,
494 4174 569 4253 quod
585 4173 686 4236 deinde
702 4186 858 4255 receptum.
889 4173 967 4236 Idem
984 4172 1073 4233 edidit
1086 4177 1183 4257 πολλῷ
1199 4170 1337 4234 πέπονθα.

231 4257 277 4319 Ac
300 4237 431 4322 πέποιθα
456 4260 615 4318 Florentini
644 4271 674 4319 et
702 4198 786 4321 Victp
828 4257 912 4334 Quod
940 4257 1080 4316 Matthiae
1111 4235 1220 4336 posuit,
1252 4255 1340 4337 ἔγωγε

218 4345 304 4428 cpida
331 4347 383 4404 τοῦ
402 4337 622 4421 Ῥαδαμάνθυος
641 4343 730 4406 πλείω
750 4340 895 4417 πέπονθα,
923 4343 1060 4421 petitum,
1091 4351 1122 4398 ut
1142 4339 1271 4411 videtur,
1302 4359 1340 4398 ex

232 4403 413 4489 adnotatione
452 4426 605 4507 Stephani,
644 4438 813 4506 receperunt
846 4389 907 4486 alii.
965 4421 1128 4484 Consultius
1157 4423 1224 4482 duxi
1251 4382 1339 4486 adibeo

233 4511 369 4571 scribere.
