2974 5138
205 483 404 579 Σειρῆνες,
431 479 508 555 εἴθ’
535 482 636 580 ἐμοῖς
659 483 761 588 γόοις

203 602 350 704 μόλοιτ’
374 606 524 701 ἔχουσαι
548 596 687 706 Λίβυν
704 613 825 690 λοιπὸν
848 613 871 709 ἢ
898 614 964 691 σύ*

204 757 355 833 ριγγας,
382 732 496 807 αῖ’λιν’
523 733 563 815 ὃς
588 741 716 819 κακοῖς

202 860 284 938 τοῖς
308 856 426 952 ἐμοῖσι
452 858 594 958 σύνοχα
621 856 782 960 όόκρυα,

205 980 345 1055 πάθεσι
370 979 515 1071 πάθεα,
540 981 663 1082 μέλεσι
682 985 792 1084 μέλεα

203 1106 345 1194 Mv'off,
372 1107 428 1181 ἅτ’
455 1107 475 1181 ἒ
498 1107 518 1180 ἒ

201 1227 419 1327 θρηνήμασι
445 1229 609 1332 ξυνῳόό,

194 1354 364 1462 ’πέμψειε
383 1354 646 1456 Φερσεφόσσᾳ,

197 1475 333 1578 φόνια,
360 1478 493 1580 φόνια,
515 1478 673 1581 χάριτας
695 1480 742 1555 ἵν’
769 1481 828 1556 ἐπὶ

197 1601 361 1705 δάκρυσι
386 1607 478 1706 παρ’
503 1606 638 1705 ἐμέθεν
662 1603 736 1681 ὑπὸ
759 1605 933 1706 μέλαθρα

94 1927 195 1986 choica
224 1945 289 1986 esse
316 1926 420 2001 (lebet,
451 1950 504 1990 nec
525 1931 608 1991 facile
628 1928 753 1990 audienti
777 1940 856 2009 patet
877 1929 1050 1990 constructio
1068 1928 1204 1988 orationis

93 2011 167 2082 ista,
196 2005 240 2082 οῖς
262 2009 350 2090 μέλεα
372 2013 502 2093 πέμψειε
524 2020 648 2094 μουσεῖα
669 2011 730 2074 ceti.
781 2013 851 2073 tttut
873 2033 943 2073 vero
964 2024 1044 2074 recte
1068 2009 1203 2091 Μαργια-

91 2095 174 2166 rins,
205 2091 282 2173 quod
299 2115 376 2170 non,
406 2108 437 2156 ut
461 2098 508 2156 alii
515 2140 535 2169 ,,
553 2097 728 2176 Proserpina
749 2106 781 2155 ut
800 2097 944 2176 lugubrem
965 2106 1076 2158 cantum
1099 2096 1202 2170 mittat,

93 2178 183 2256 optari
214 2179 331 2254 putavit.
384 2179 448 2253 Quo
469 2182 589 2255 lactum,
617 2192 648 2240 ut
671 2179 825 2240 Elmsleius
851 2179 887 2239 ad
909 2179 1002 2260 lphig.
1019 2180 1108 2240 Taur.
1126 2185 1202 2244 666.

93 2257 179 2337 φόυι’
197 2256 328 2339 α’χόριιόι
348 2259 382 2324 θ’
398 2274 426 2323 et
443 2263 605 2324 Lolreclins
625 2263 661 2322 ad
680 2264 730 2324 Αἰ.
747 2270 820 2327 611.
844 2269 933 2344 (610.
948 2261 997 2326 ed.
1011 2262 1088 2345 sec.)
1110 2261 1204 2341 φόνῖ,

94 2339 234 2422 οἷχᾶριτας
256 2341 300 2406 ἵν’
320 2341 383 2409 όπό
407 2347 542 2428 μέλαθρα
563 2345 651 2423 νόχια
672 2352 801 2420 παιᾶνας
821 2349 942 2408 νέκυσιν
963 2344 1134 2422 ὀλομένοις,
1155 2349 1202 2408 vel
1248 2367 1253 2378 ¹

96 2429 178 2486 etiam
196 2429 301 2490 νέκυσι
323 2429 503 2510 μελομένους
524 2433 712 2491 coniicerent.
764 2430 943 2492 Potissimam
963 2430 1026 2490 vitii
1046 2427 1143 2488 sedem
1172 2431 1200 2489 in

95 2508 218 2590 μουσεῖόι
239 2535 273 2575 τε
298 2513 486 2594 quaerendam
510 2534 575 2576 esse
596 2524 694 2595 patet,
723 2532 794 2592 quae
817 2533 899 2592 quum
921 2508 1035 2592 dipodia
1056 2511 1202 2584 trochaica

93 2614 156 2655 esse
174 2594 290 2668 debeat,
313 2597 361 2656 vix
382 2596 503 2658 dubitari
522 2609 628 2678 potest,
651 2598 717 2676 quin
739 2597 783 2656 his
802 2595 832 2656 in
851 2596 968 2656 vocibus
990 2595 1076 2653 lateat
1093 2591 1201 2671 Mioa',

93 2674 151 2741 lice.
173 2677 252 2739 Satis
267 2690 351 2740 notae
364 2679 479 2762 Mysiae
493 2683 630 2743 naeniae:
648 2678 722 2740 unde
736 2676 899 2764 Aeschylus
911 2679 941 2740 in
952 2677 1052 2738 Persis
1062 2698 1090 2746 v.
1105 2679 1203 2744 1069(

256 2777 308 2841 καὶ
328 2777 428 2859 στέρν’
448 2778 575 2862 ἄρασσε,
597 2778 648 2843 καῖ
668 2777 728 2860 βόα
749 2774 783 2842 τό
806 2775 941 2841 Maiorem

92 2877 218 2938 vitanti
244 2879 283 2938 ihi
308 2881 481 2960 interpretas
504 2893 534 2942 et
561 2880 736 2942 Welclrcrur
767 2879 796 2942 in
824 2878 1022 2944 dissertatione
1045 2877 1083 2942 de
1109 2881 1203 2954 Linea.

93 2981 161 3040 qnae
176 2972 222 3021 est
233 2964 262 3023 in
273 2962 394 3023 Dinonis
409 2965 587 3025 scholasticis
605 2973 697 3028 1830.
720 2986 749 3023 n.
765 2968 870 3025 2-5.
895 2962 1053 3024 Praeterea
1065 2983 1148 3038 vero,
1166 2975 1198 3026 ut

91 3056 208 3106 metrum
228 3057 360 3120 constet,
389 3047 567 3110 scribendum
586 3060 649 3109 erat
670 3044 776 3120 Maior',
804 3043 895 3120 ἅτ’,έ
919 3047 940 3108 l.
985 3044 1035 3106 Sic
1055 3049 1087 3128 in¹
1104 3047 1196 3112 media

91 3129 216 3189 oratione
231 3129 279 3192 ll
297 3130 392 3210 posuit
404 3133 488 3192 etiam
507 3131 669 3216 Aeschylus
688 3134 718 3192 in
738 3131 912 3194 Prometheo
934 3151 963 3191 v·
983 3137 1057 3194 604.

300 3228 509 3310 ὅυςόαιμόνοιν
532 3230 563 3294 tt
583 3233 678 3308 τίνες,
700 3233 731 3296 o‘l
748 3230 802 3294 il

301 3307 349 3376 οῖ’
370 3310 428 3395 lyei
451 3320 613 3396 μογοῦσιν,

89 3409 128 3470 Ει
152 3411 230 3470 alihi.
278 3413 431 3494 Reliquum
457 3425 537 3490 erat,
571 3428 622 3490 ut,
651 3437 707 3496 quo
733 3416 904 3476 cohaereret
927 3415 1038 3486 oratio,
1068 3435 1096 3478 v.
1121 3422 1196 3478 171..

88 3490 182 3555 αἶαν’
203 3491 237 3566 ὃς
251 3497 436 3559 scriberetur.
481 3498 613 3560 Pertinet
632 3497 666 3573 ὃς
688 3497 723 3560 ed
739 3501 841 3580 Λίβυν
860 3495 971 3572 λωτόν,
989 3508 1020 3560 ut
1038 3495 1074 3559 ad
1091 3501 1194 3576 pama-

88 3580 156 3638 riam
179 3579 341 3654 notionem,
365 3583 411 3642 oui
429 3579 532 3645 deinde
550 3584 652 3644 leviter
668 3582 809 3644 adiectum
829 3579 851 3661 ἢ
871 3578 1021 3664 σύριγγας.

166 3686 207 3747 V.
231 3693 302 3748 169.
346 3684 448 3766 'Enete
469 3687 552 3769 γόοις
569 3702 614 3750 est
633 3694 673 3752 ad
689 3712 779 3752 meum
800 3694 915 3751 ἱαοιιιια.
951 3690 1047 3750 Aliter
1059 3709 1131 3769 quae
1145 3709 1193 3748 so-

87 3781 207 3849 qnuntnr
224 3789 280 3830 non
300 3783 381 3832 recte
398 3773 596 3835 cohaererent.

92 3885 94 3891 ’
165 3875 206 3937 V.
231 3885 302 3940 170.
344 3878 510 3958 Legebatur
525 3877 579 3943 τόν
598 3882 700 3958 Λίβυν
722 3876 833 3953 λωτόν,
856 3876 929 3962 quod
953 3878 1075 3938 servavit
1096 3875 1191 3934 Elms-

86 3959 154 4020 leius
170 3957 205 4019 etl
224 3960 334 4023 Bacch.
358 3972 430 4028 163.
475 3965 577 4025 Deleri
599 3967 745 4026 articulum
766 3964 928 4023 obversum
946 3957 1189 4039 antistrophicum.

151 4066 202 4164 ιν.
227 4077 301 4132 173.
350 4071 504 4138 Elmsleius
532 4071 567 4134 at
592 4073 700 4134 Bacch.
729 4081 801 4136 163.
827 4069 925 4130 nescio
950 4086 986 4125 an
1015 4083 1114 4124 errore
1140 4085 1191 4148 po-

83 4163 171 4212 suero
190 4152 295 4215 πάθεα
317 4153 447 4232 πάθεσι,
469 4155 558 4236 μέλεα
579 4158 685 4237 μέλεσι.

160 4260 200 4324 V.
224 4270 299 4326 176.
347 4263 545 4341 Φερσέφασσα
570 4262 770 4326 nominativum
793 4262 821 4318 in
840 4255 961 4320 clativum
979 4257 1093 4323 mauri.
1145 4257 1191 4326 lta

81 4343 156 4406 sinat
178 4357 260 4426 patet
283 4358 366 4409 recte
388 4367 420 4408 se
442 4347 548 4406 hahere
571 4366 643 4425 quae
664 4351 829 4424 sequuntur.

157 4445 198 4510 V.
225 4455 303 4513 178.
349 4445 472 4506 Seidleni
491 4441 651 4508 emendatio
670 4453 715 4504 est
737 4437 805 4525 παρ’
820 4436 929 4522 ἐμέθεν
941 4461 994 4526 pro
1010 4435 1080 4524 παρ’
1095 4435 1189 4522 έμέο’,

82 4525 112 4590 tle
126 4551 203 4594 vers.
230 4530 349 4594 dochm.
374 4551 404 4616 ρ.
428 4539 498 4594 102.
1179 4551 1181 4558 ι
