3022 5140
783 314 833 387 46

355 499 489 604 γνώμᾳ
514 501 557 574 τὸ
582 501 725 594 πλῆθος
750 493 898 596 ἀθρόον
923 496 1192 596 ἀσθενέστερον

226 681 231 687 -
358 622 588 725 φαυλοτέρας
612 622 749 724 φρενδς
774 623 1028 719 αότοκρατοῦς

357 748 451 838 ἑνός,
479 752 499 825 δ
525 747 680 832 δόνασις
700 745 775 822 οἶνοί
799 776 839 822 τε
855 746 1029 844 μέλαθρα
1045 744 1142 821 κατά
1163 773 1201 821 τε
1224 745 1364 840 πόλιας,

358 873 501 951 ὁπόταν
526 875 648 974 εὑρεῖν
672 867 981 971 θέλωσι-καιρόν.
1229 852 1230 856 ¹

620 1053 910 1155 δντιστροφὴ
935 1051 993 1153 β’.
1108 1071 1110 1075 ’

357 1190 492 1274 ἔδειξεν
515 1191 538 1285 ἦ
564 1190 743 1267 Λάκαινα
767 1197 838 1266 τοῦ
864 1185 1097 1287 στρατηλάτα

358 1316 529 1392 Μενέλα·
556 1312 620 1390 διὰ
643 1317 717 1420 μὰρ
742 1315 859 1416 πυρὸς
882 1312 972 1411 ἦλθ’
1000 1316 1112 1416 ἑτέρῳ
1138 1315 1241 1412 λέχει,

359 1439 491 1516 κτείνει
516 1438 557 1517 δὲ
583 1439 652 1535 τὴν
675 1440 858 1540 τάλαιναν
880 1439 1026 1516 Ἰλιάδα
1050 1437 1169 1540 κόραν

358 1561 478 1642 παῖδά
503 1595 542 1638 τε
567 1563 777 1667 δόςφρονος
802 1566 902 1667 ἀμφ’
929 1563 1059 1664 ἔριδος,

360 1691 493 1778 ἄθεος,
517 1691 675 1789 ἄνομος,
703 1695 836 1792 ἄχαρις
860 1692 881 1766 ὃ
907 1688 1042 1791 φόνος,
1069 1688 1186 1766 ἔτιδὲ
1214 1685 1353 1764 πότνια,

357 1815 571 1915 μετατροπδ
596 1817 714 1894 τῶνδ’
744 1821 881 1893 ἔπεισιν
906 1819 1039 1925 ἔργων.

259 1991 537 2015 Μαι-μαψ

259 2092 367 2184 διδόμᾳ
382 2136 425 2146 -
438 2095 546 2183 γνώμᾳ.
588 2095 655 2160 Erit
669 2099 790 2161 fortasse
806 2101 855 2181 qui
871 2111 961 2161 metra
976 2097 1093 2181 syllabis
1110 2121 1166 2160 non
1183 2099 1368 2177 congruentia

260 2183 301 2242 sic
324 2181 467 2255 defendat,
491 2196 522 2242 ut
537 2201 648 2243 versum
670 2202 706 2243 ex
720 2183 840 2266 dactylis
857 2185 885 2243 in
905 2184 1065 2244 dochminm
1081 2181 1258 2243 terminatum
1277 2193 1366 2262 putet.

259 2263 304 2325 At
322 2267 362 2326 sic
386 2283 497 2346 quoqne
518 2265 670 2348 Euripides
692 2270 786 2328 autin
802 2269 1006 2347 antistrophieo
1022 2287 1106 2328 versu
1122 2263 1236 2352 λέκτρῳ,
1258 2273 1306 2324 aut
1322 2263 1368 2324 liic

260 2371 315 2409 non
344 2352 485 2430 posuisset
510 2346 619 2433 γνώμα.
660 2351 760 2432 ltaque
787 2373 872 2432 quum
894 2353 941 2412 hio
963 2353 1072 2411 incerta
1095 2351 1234 2431 scriptura
1256 2347 1308 2421 sit,
1340 2357 1370 2408 et

259 2451 380 2515 sequens
401 2451 500 2492 versus
521 2434 557 2493 ab
578 2433 682 2506 iambo,
706 2437 926 2516 antistrophicns
947 2445 1041 2508 antem
1063 2453 1080 2493 a
1098 2433 1224 2514 spondeo
1240 2433 1367 2512 incipiat,

260 2537 316 2576 non
339 2515 560 2596 antistrophica‚
585 2518 635 2578 sed
649 2519 800 2598 strophiea
821 2518 991 2598 corrigenda
1012 2537 1075 2578 esse
1092 2519 1234 2576 existimo.
1273 2516 1370 2590 Quare

259 2601 360 2680 scripsi
382 2597 489 2686 διδόμᾳ
508 2602 663 2682 πραπίδων
683 2607 781 2679 σοφᾶν
799 2596 900 2689 μνιόμᾳ
920 2598 953 2664 ιδ
973 2605 1092 2684 πλῆθος
1113 2594 1229 2682 διθρόον
1249 2595 1370 2661 doceri·

260 2701 368 2764 στερον.

343 2783 416 2846 475.
461 2779 624 2860 legebatur
639 2783 865 2861 interpunctione
882 2793 946 2863 post
961 2777 1157 2863 αόνοιιρατοῦς
1171 2784 1274 2861 posita,
1297 2779 1372 2840 bona

262 2864 374 2946 quidem
396 2867 536 2924 sententia
557 2860 656 2936 ἓνδςδ
676 2861 806 2942 δόνασις,
828 2865 878 2925 sed
894 2873 984 2924 metro
1001 2875 1099 2945 aperte
1114 2867 1228 2926 vitioso.
1272 2864 1371 2944 ltaque

262 2967 299 3007 ex
325 2967 387 3006 mea
416 2946 612 3006 emendatione
634 2948 669 3007 L.
693 2946 875 3022 Dindorlins‚
904 2949 1084 3030 φαυλοτέρας
1105 2944 1212 3030 φρενὸς
1232 2943 1371 3028 αόνοιιρα-

262 3035 331 3103 τοῦς
350 3025 429 3106 ἑνός,
443 3026 471 3090 ’δ
492 3027 619 3105 δόνασις.
661 3027 754 3090 Malui
775 3041 868 3092 tannen
891 3051 965 3092 nnnc
982 3029 998 3095 ὃ
1016 3033 1160 3104 seribere,
1184 3030 1259 3112 qnod
1279 3032 1372 3110 aptius

263 3125 318 3173 est.
362 3114 426 3173 Nec
447 3115 549 3174 mirum
571 3113 600 3174 id
621 3115 649 3174 in
671 3111 692 3176 δ
712 3126 851 3189 mutasse,
882 3117 1018 3196 quiante
1040 3112 1369 3196 {odginterpnngerent

263 3197 408 3278 Lentingii
429 3199 639 3273 coniecturam,
662 3200 770 3259 utalia
791 3220 863 3280 quae
884 3201 1040 3262 nemini-in
1062 3209 1183 3258 mentm
1204 3200 1301 3258 venire
1322 3197 1373 3257 de·

262 3281 383 3354 iebant,
408 3293 567 3362 praetereo.

344 3379 419 3444 477.
463 3380 533 3442 Par.
565 3382 601 3440 B.
633 3382 714 3442 Flor.
733 3381 784 3446 10.
803 3385 855 3446 15.
877 3382 972 3443 liavn.
996 3394 1027 3444 at
1047 3402 1065 3441 ο
1085 3383 1176 3462 prima
1196 3352 1370 3441 manarat.

263 3461 303 3521 Α.
326 3459 510 3544 στρατηλάτα.
551 3464 637 3524 Laso.
659 3463 728 3523 Ald.
752 3475 782 3523 ct
802 3467 903 3545 reliqui
925 3467 990 3525 libri
1006 3460 1206 3547 στρατηλάτου.

344 3569 419 3633 478.
462 3570 532 3630 Α1ι1.
565 3570 628 3630 rell.
661 3568 803 3632 Μενέλαε.
845 3569 940 3632 Ητνο.
970 3572 1040 3633 Par.
1069 3571 1109 3632 Ι).
1133 3570 1219 3631 Lasc‘·
1245 3565 1373 3645 Μενέλα,

264 3651 386 3732 positum
407 3653 492 3713 etiarn
514 3675 531 3713 a
551 3652 709 3712 Brunclnio.
754 3653 909 3714 Barnesius
927 3653 1074 3718 Μενέλεω.

346 3758 420 3822 480.
464 3758 545 3819 Libri
571 3755 734 3839 δόςφρονος
759 3761 856 3843 ἔριδος
874 3756 957 3842 ὅπερ.
1000 3761 1068 3820 Non
1090 3763 1131 3820 sic
1153 3760 1268 3840 scripsit
1287 3757 1374 3828 Enri-

265 3841 356 3948 pides‚
382 3843 475 3902 soluto
491 3842 616 3923 dactylo.
645 3844 742 3917 Quare
757 3840 832 3925 ἄμφ’
851 3843 946 3924 ἔριδος
958 3846 1083 3925 reposui,
1107 3857 1139 3904 nt
1156 3862 1241 3924 supra
1255 3866 1283 3904 v.
1301 3844 1372 3906 123.

264 3925 342 4006 αμφλ
362 3925 486 4004 λέκτρων
505 3922 645 4005 διδύμων.
688 3927 757 3988 Nisi
778 3929 841 4009 quis
870 3925 986 4010 οἴστρου
1011 3925 1101 4010 ὅπερ,
1125 3939 1174 3988 aut
1195 3929 1287 3989 similo
1308 3924 1376 4010 qnid

265 4012 400 4091 scripturn
422 4011 509 4070 inisse
531 4009 639 4070 credat.

349 4111 422 4174 481.
465 4109 536 4170 ΑΙδ.
560 4111 624 4170 rell.
649 4104 742 4183 όιθεός
761 4104 801 4194 μ’.
844 4110 929 4171 Laoc.
953 4124 983 4172 et
1002 4109 1076 4171 Mss.
1100 4113 1235 4170 omittunt
1252 4107 1301 4193 μ’,
1326 4106 1375 4167 ad·

266 4193 355 4253 diturn
384 4195 420 4254 nb
449 4195 580 4274 imperito
609 4195 738 4254 metrico.
784 4195 855 4254 ltem
882 4190 900 4257 δ
925 4190 1043 4273 φθόνος
1062 4193 1132 4255 Ald.
1157 4193 1221 4253 rell.
1246 4213 1298 4273 pro
1319 4205 1374 4270 quo

266 4277 352 4336 Lasc.
375 4290 406 4338 et
420 4276 495 4337 Mss.
519 4272 536 4339 δ
557 4273 656 4355 φόνος.
697 4276 832 4358 Denique
846 4277 916 4338 Ald.
934 4279 998 4338 rell.
1017 4278 1065 4339 δτι
1077 4295 1133 4353 σοι,
1154 4277 1240 4336 Lasc.
1256 4287 1286 4334 et
1298 4271 1372 4331 Mas.

267 4359 310 4422 ἔτι
329 4377 369 4421 σε.
411 4360 524 4422 Deinde
545 4361 630 4422 Lasc.
654 4360 724 4421 Par.
747 4361 785 4421 E.
807 4362 888 4422 Flor.
905 4359 938 4424 2.
960 4361 1041 4421 vio.
1064 4358 1246 4442 μεταιροιιαλ
1287 4355 1376 4416 Acel-

268 4443 399 4523 piebatnr
425 4440 531 4508 ιιόινιοι
556 4465 607 4525 pro
633 4447 778 4516 vocativo,
810 4445 988 4523 explicatque
1009 4446 1175 4504 scholiastes
1197 4441 1242 4498 liis
1262 4440 1375 4502 verbis:

267 4522 341 4608 πρὸς
360 4521 414 4606 τὴν
432 4523 596 4612 Ἑρμιόνιμ.
639 4521 1157 4605 ο1ον1σρινδτιμετοινοήοεις,ἒδν
1170 4519 1291 4609 πράξῃς.
1329 4522 1377 4588 διδ
