3026 5134
661 373 706 426 XV.

115 545 217 612 eatur
242 549 484 636 argumentum,
520 554 557 622 ut
588 555 716 628 tentata
746 554 977 630 reconciliatio
1010 529 1148 636 fratrum
1183 586 1245 640 au.

116 665 315 762 gestires,
351 667 515 765 planeque
540 673 702 770 capitales
729 685 764 749 et
789 678 978 756 exitiabiles
1003 681 1117 760 neat.
1168 686 1243 764 lta·
1320 703 1322 712 ’

115 815 189 888 que
220 791 276 866 uiui
308 791 488 889 Polynices
520 797 623 876 clnoro
659 803 789 898 aperuit
822 805 895 900 quis
931 807 996 900 sit,
1034 820 1171 888 evocata
1198 841 1241 891 cs

114 917 259 993 aedibus
290 917 445 1009 Iocasta,
480 931 518 998 ut
552 928 729 1024 conspexit
753 929 871 1022 llliurn,
896 932 998 1030 longo
1025 938 1154 1012 cantico
1181 940 1242 1014 de-

115 1043 280 1122 siderium
312 1070 407 1126 suunt
439 1057 474 1128 et
506 1050 660 1146 gandium
696 1053 855 1134 uecterot.
907 1055 1151 1141 convenienter
1175 1065 1241 1141 lnoo
1281 1147 1286 1154 ,

115 1178 261 1248 nomae
284 1171 406 1248 facum
432 1182 497 1268 cst,
522 1179 718 1273 praesertin
742 1182 777 1254 in
802 1184 940 1260 raudera
963 1187 1241 1282 grandaevam·
1298 1269 1301 1276 .

116 1319 188 1393 que
221 1297 432 1394 venusino,
463 1309 534 1382 tuna
566 1305 665 1382 etiarn
697 1307 839 1402 publicis
864 1319 900 1382 et
924 1309 1116 1390 domesticis
1141 1315 1239 1393 molis

115 1421 261 1504 afflicta·
311 1421 394 1504 sec·
416 1453 511 1526 quem
544 1429 604 1508 illa
636 1429 755 1508 deiude
788 1458 863 1512 cam
894 1433 1056 1533 Polynice
1092 1441 1240 1520 conserit

115 1581 327 1650 sermonem,
359 1554 431 1632 cius
463 1554 557 1652 prior
582 1579 673 1652 pars,
701 1582 765 1655 qua
790 1560 981 1656 singulatim
1007 1565 1154 1660 exquirit
1180 1592 1240 1642 cur

115 1707 224 1790 gravo
250 1683 295 1758 sit
319 1681 433 1780 patria·
453 1703 581 1773 carcre,
611 1707 678 1756 uon
704 1690 756 1758 est
780 1684 828 1759 ite
852 1686 992 1780 hocca,
1017 1696 1057 1764 ut
1076 1703 1242 1788 'appareat

115 1809 180 1908 qui
214 1809 345 1887 hocin
377 1814 519 1886 menen
552 1808 680 1885 uencfit
710 1809 879 1892 locastae.
932 1813 1008 1908 Quo
1042 1814 1081 1890 tt
1112 1824 1150 1892 ut
1175 1818 1242 1892 ista

116 1938 232 2012 aliena
256 1937 296 2012 ab
322 1959 360 2012 re
385 1933 492 2011 uideri
516 1933 669 2014 debcant.
720 1934 837 2016 Sensit
860 1939 946 2033 hoc,
983 1941 1040 2038 qui
1064 1967 1171 2040 nuper
1197 1944 1241 2015 li-

117 2063 247 2139 bellam
280 2062 322 2140 de
347 2061 564 2159 clarondogia
585 2061 770 2142 ¹farinularum
801 2063 1059 2163 Euripidearuro
1091 2069 1240 2167 scripsit,

117 2190 242 2266 Herm.
266 2187 520 2281 Zirndnricrus,
545 2189 694 2288 sciteque
709 2191 896 2298 observarit
909 2193 1034 2291 respici
1047 2205 1239 2270 reuocatum

117 2341 243 2413 magno
279 2341 353 2392 cuno
388 2315 506 2412 plausu
532 2313 784 2394 Atheniensium
810 2317 1029 2412 Metrodoro,
1057 2321 1237 2418 quiquam

83 2439 85 2446 '
116 2443 264 2521 redisset
288 2442 452 2534 Athenas,
476 2441 614 2518 multum
638 2442 712 2539 ipae
737 2443 774 2520 iu
805 2443 960 2521 contione
993 2445 1034 2522 de
1059 2447 1239 2524 acerbitate

118 2569 238 2644 exsilii
269 2569 370 2646 fuerit
401 2575 614 2664 conquestus,
642 2568 837 2665 omninoque
863 2570 898 2645 in
923 2567 1094 2667 Polynicis
1120 2597 1240 2669 person

117 2720 184 2788 oa,
227 2695 284 2792 qni
313 2695 434 2772 iustum
466 2694 594 2793 patriae
632 2679 754 2772 bellurn
789 2696 976 2792 intulisset,
1016 2697 1238 2778 defensionen

116 2820 293 2919 qumdam
325 2821 436 2900 noco
467 2819 673 2915 Alcibiadis,
705 2829 743 2896 nt
775 2830 850 2898 acta
881 2822 1027 2921 putanda
1058 2824 1104 2902 sit
1128 2823 1240 2902 fabula

116 2947 259 3046 Olymp.
291 2945 414 3024 XCII.
448 2951 485 3024 2.
542 2945 598 3024 Ita
629 2955 747 3050 parata
778 2973 859 3028 sanc
883 2948 1040 3048 Euripidi
1066 2952 1238 3028 excusatio

117 3082 192 3150 cst:
218 3073 277 3149 sed
304 3082 412 3150 amen
438 3073 597 3150 vellemus
624 3073 675 3149 sio
700 3099 774 3158 esse
799 3077 876 3150 illas
893 3075 1046 3150 locastae
1069 3080 1240 3175 quaestio·

95 3217 182 3273 'nes
208 3225 281 3273 curo
316 3200 445 3295 reliquo
471 3222 622 3270 sermone
648 3207 832 3290 consertas,
860 3207 987 3274 utnon
1013 3225 1056 3274 er
1082 3203 1235 3300 obrupto,

117 3325 181 3404 sed
217 3327 416 3402 necessitate
456 3323 594 3421 quadarn
635 3321 676 3398 dc
707 3324 859 3400 exsulum
895 3325 1015 3401 misera
1047 3327 1236 3401 conditione

118 3459 357 3550 exponeretur.
406 3449 585 3546 Polynices
610 3449 646 3524 in
669 3449 712 3525 iis
738 3473 822 3546 quae
847 3452 1030 3550 respondet·
1047 3477 1144 3550 quun
1170 3455 1237 3532 alia

118 3581 204 3652 benc
239 3587 275 3652 et
305 3587 397 3654 recte
430 3577 540 3667 dieat,
576 3575 659 3651 illud
690 3577 797 3650 minus
836 3577 957 3654 decore
989 3591 1235 3672 commemorat,

119 3705 210 3803 quod
243 3730 341 3803 oparn
374 3711 408 3779 et
439 3702 626 3780 diuitiarum
665 3726 782 3779 caussa
813 3727 951 3801 regrum
986 3714 1138 3802 repetat,
1170 3708 1233 3780 etsi

118 3831 253 3923 deiude,
278 3831 335 3906 nbi
360 3855 422 3927 pro
447 3853 484 3907 se
511 3853 622 3906 coram
647 3823 751 3902 fratre
776 3829 878 3908 uerba
901 3829 995 3922 facit,
1021 3830 1109 3901 iusta
1134 3840 1233 3926 atque

119 3957 260 4030 donata
291 3955 455 4034 oratione¹
478 3957 595 4031 utitur.
654 3952 783 4029 Caussa
813 3945 985 4048 Polynicis
1019 3953 1108 4026 iusta
1142 3963 1234 4026 crat:

119 4083 233 4176 itaque
257 4079 322 4158 hoc
347 4103 426 4158 saue
450 4079 650 4159 laudandans
674 4086 738 4171 est,
765 4077 852 4175 qaod
878 4101 952 4153 cnm
965 4075 1148 4174 Euripides
1173 4103 1234 4180 per

119 4215 222 4284 totana
248 4203 391 4284 tabularu
415 4204 535 4288 iustum
561 4210 596 4276 et
620 4202 758 4300 probum
786 4203 879 4279 tecit.

219 4330 367 4412 Advenit
390 4353 490 4421 nunc,
515 4328 616 4402 sicuti
640 4329 749 4406 iussus
775 4353 796 4404 a
822 4335 924 4404 matre
950 4337 1034 4421 erat,
1060 4325 1240 4420 Essene,

119 4464 175 4560 qui
202 4461 333 4551 statiua,
359 4479 457 4554 quum
483 4479 520 4530 se
546 4461 741 4551 occupatura
765 4453 966 4558 wimeodis
991 4453 1149 4540 militibus
1175 4480 1234 4529 uo.

1008 4615 1028 4655 0
