3028 5136
607 269 719 374 'es

126 478 388 583 ἐμνημόνευσε
412 479 438 556 d
442 480 466 568 ³,
492 479 611 578 ιὶίςπερ
638 479 843 577 ἄνθρωπος
866 478 1000 578 κακός,

126 606 275 684 παλαιδ
301 605 414 702 νείκη.
465 611 545 689 πῶς
570 602 620 679 δν
644 600 714 680 οὖν
740 608 794 702 εἴη
820 605 958 706 σοφόςς

574 791 621 863 X
626 789 795 865 ΟΡΟΣ.

238 921 301 998 καῖ
325 918 402 1020 μὴν
426 919 489 996 ὅδ’
515 921 613 1005 ἄναξ
635 919 707 1016 ήδη
734 917 907 1021 φοράδην

240 1045 422 1146 Δελφίδος
447 1047 488 1120 ἐκ
509 1053 577 1148 γῆς
601 1045 713 1144 δῶμα
739 1043 896 1137 πελάζει.

239 1166 391 1267 τλήμων
416 1169 437 1245 ὃ
462 1165 620 1259 παθαίν,
644 1169 797 1268 τλήμων
821 1168 883 1261 δὲ,
909 1168 1040 1275 μίρον,

241 1294 306 1370 καὶ
330 1291 393 1370 σύ·
428 1294 525 1392 δίχα
551 1293 626 1398 γὰρ
649 1294 717 1372 τὸν
738 1295 934 1392 Ἀχίλλειον

241 1415 412 1516 σκύμνον
437 1421 474 1504 ἐς
499 1423 640 1508 οἴκους,
667 1421 738 1517 οὐχ
763 1419 815 1505 αῖς
840 1419 888 1495 οδ
913 1420 1050 1504 θέλεις·

243 1539 357 1627 αὐτός
381 1572 420 1618 τε
445 1549 575 1628 κακοῖς
599 1541 742 1641 πήμασι
766 1550 845 1628 τοῖς
868 1543 964 1620 τοῦδ
967 1545 978 1571 ’

343 1671 394 1751 sic
417 1669 458 1745 ἓν
478 1667 614 1768 μοίρας
638 1669 879 1768 σννίκνρσας.

559 1852 829 1927 ΠΗΛΕΥΣ.

601 1975 790 2078 στροφή.

242 2113 338 2213 ᾤμοι
363 2106 457 2214 ἐμαί,
482 2111 603 2187 κακὸν
628 2111 710 2188 οἷον
735 2111 813 2212 teat
837 2109 925 2188 τόδε

241 2236 306 2312 καὶ
331 2234 487 2333 δέχομαι
508 2235 591 2336 χερὶ
616 2233 790 2336 δοίμασιν
815 2235 935 2334 ἀμοῖς.

242 2357 290 2436 tat
314 2359 381 2460 μοί
403 2388 488 2459 μοι,
514 2365 614 2448 αἰαῖ,

241 2483 273 2560 ὦ
300 2481 385 2559 πόλι
413 2483 635 2574 Θεσσαλίας,
658 2480 910 2581 διολώλαμεν,

135 2663 417 2680 m

225 2769 317 2834 1140.
362 2768 460 2829 Libri:
486 2763 575 2844 αι’πός
595 2793 625 2832 τι
645 2775 747 2844 κακοῖς
766 2763 879 2872 πήμασι
903 2761 1012 2848 κύρσας
1037 2765 1084 2840 εἰς
1096 2767 1132 2830 ἓν
1142 2765 1255 2866 μοίρας

139 2851 335 2935 συνέκυρσας,
357 2854 412 2912 nisi
434 2852 509 2932 qued
525 2855 605 2913 ΕΙοι.
623 2853 663 2913 A.
684 2855 734 2917 10.
755 2849 884 2934 πήμασιν
899 2851 1032 2949 ἔκυρσας,
1054 2852 1164 2910 omissis
1181 2871 1254 2931 quae

142 2947 317 3016 se,quuntnn
350 2955 422 3015 quae
444 2934 546 2996 desunt
567 2940 650 2996 etiam
674 2939 702 2996 in
724 2937 820 2997 Havn.
863 2936 947 2996 Nihil
969 2936 1085 3007 attinet,
1109 2936 1255 2995 coniectu-

60 3083 63 3088 ,
141 3041 189 3079 nas
211 3038 449 3090 commemorare,
478 3019 579 3098 quibus
601 3019 684 3078 modo
706 3017 829 3101 κύρσας,
859 3018 942 3079 modo
964 3016 1142 3117 συνὲκνρσας
1161 3029 1254 3078 tenta-

141 3114 202 3162 tum
224 3113 284 3174 est,
317 3103 384 3180 qnia
405 3062 482 3160 nnita
504 3102 578 3160 toltit
597 3104 713 3174 vitium,
744 3103 850 3182 quod'
842 3125 871 3161 ιιι
891 3102 1007 3180 vulgata
1028 3103 1169 3181 scripture
1191 3114 1251 3161 est.

142 3187 172 3244 in
195 3205 250 3283 qna
272 3195 321 3243 ant
341 3185 385 3242 bis
407 3183 481 3243 idem
503 3183 623 3256 dieitur,
647 3195 697 3242 ent
717 3184 824 3285 aliquid
847 3185 967 3262 inepti,
974 3185 1018 3255 si,
1042 3182 1077 3242 de
1100 3204 1155 3262 qno
1176 3184 1254 3268 Len-

141 3269 249 3346 tingius
279 3268 430 3346 cogitavit,
462 3271 563 3338 κακοῖς
590 3261 703 3344 πήμασι
731 3283 840 3347 κυρσας
866 3265 901 3324 de
923 3265 986 3325 aliis
1008 3285 1091 3343 qnam
1114 3264 1149 3324 de
1170 3286 1254 3344 prae-

142 3361 223 3410 sente
245 3350 319 3408 mnio
342 3347 555 3428 intelligendum
577 3350 729 3421 estmaiis‚
754 3351 871 3429 quaein
891 3349 949 3408 vita
971 3347 1120 3450 pertulerit
1135 3347 1251 3408 Peleus

142 3434 243 3513 ltaque
260 3435 381 3492 caeteris
398 3433 503 3492 rectius
520 3429 656 3491 iudicavit
670 3431 848 3506 Hoernerns,
871 3433 920 3512 qni
936 3429 1048 3511 πήμασι
1063 3425 1171 3513 κύρσας
1187 3433 1254 3492 eiici

1261 2496 1344 2562 1145

49 3587 52 3594 ,
142 3517 244 3576 voluit.
295 3515 459 3575 violentior
488 3525 580 3574 tamen
610 3517 680 3575 haec
703 3515 834 3575 medendi
854 3516 927 3574 natio
949 3526 1009 3587 est,
1040 3526 1151 3574 neseete
1172 3525 1253 3595 pnite
1375 3554 1377 3558 -
1407 3501 1409 3506 ⁵

143 3599 260 3658 sinceri.
306 3597 375 3657 Solo
405 3599 479 3657 enim
503 3600 531 3656 in
554 3589 664 3680 κύρσας
683 3597 765 3659 sedes
787 3610 832 3659 est
851 3600 932 3671 vitii,
964 3618 1020 3678 que
1040 3599 1179 3658 vocabule
1201 3600 1254 3658 ali-

144 3684 207 3760 quis
233 3701 345 3741 versum
375 3682 514 3760 explevit,
554 3701 638 3760 quum
668 3682 821 3742 excidisset
849 3681 894 3753 id,
926 3679 1001 3760 qnod
1030 3683 1163 3761 reposui,
1192 3689 1254 3755 τοῖς

144 3760 238 3825 τοῦδ’.
279 3763 432 3823 Formniae
455 3761 535 3836 εἰς“
518 3787 564 3836 εν,
595 3785 678 3844 qnam
700 3767 805 3825 amavit
824 3725 996 3846 Euripides,
1029 3765 1158 3844 exempla
1180 3763 1254 3823 indi·

147 3809 577 3910 caviadfletenaev.155d.

228 3943 321 4008 1142.
365 3942 434 4003 Aid.
458 3944 523 4002 rell.
548 3939 583 4006 ἰοί
603 3941 738 4046 μοιέγοί.
775 3945 872 4005 Gueif.
889 3943 978 4003 Tene.
999 3938 1033 4004 tot
1055 3943 1108 4023 μοί
1123 3965 1173 4022 μοι
1189 3938 1254 4025 ἐμοί.

145 4026 231 4087 Lesc.
255 4039 285 4086 et
306 4028 413 4088 caeteri
434 4021 570 4086 ‹20de
545 4051 569 4088 ω
590 4050 641 4107 μοι
662 4023 729 4108 ἐγώ.
774 4076 776 4080 .

230 4127 321 4189 1143.
365 4122 435 4185 Ald.
460 4123 616 4205 ιο11.χερ.ὶ
645 4122 715 4182 Ραι.
733 4121 771 4182 Ε.
795 4123 876 4183 ΕΙοι.
894 4124 925 4186 2.
949 4122 1029 4184 vict.
1048 4119 1167 4202 Laseq
1151 4127 1254 4204 χεροῖν.

145 4207 259 4268 Deinde
279 4207 349 4268 Ald.
374 4209 438 4267 rell.
462 4148 572 4286 δοίμαδ
579 4148 679 4284 ρέμοῖς.
714 4204 784 4264 Per.
810 4206 849 4266 A.
874 4201 1032 4308 δώμασίτ’
1052 4203 1139 4286 ίμοῖς.
1181 4204 1251 4266 Per.

145 4289 184 4351 Ε.
210 4291 293 4351 Είοι.
312 4293 344 4352 2.
367 4289 456 4350 Teur.
481 4289 578 4348 Gueii.
601 4288 681 4348 vict.
705 4287 791 4347 Lnse.
815 4281 990 4368 deiectew‘
970 4294 1065 4366 αμοῖς.
1107 4287 1188 4348 ΕΙοι.
1211 4288 1251 4350 A.

145 4373 216 4433 Per.
238 4373 280 4434 1).
303 4374 399 4434 Havn.
424 4366 591 4451 δείμασιιῖ
617 4364 1152 4450 δμοῖς,ιμιοι1οοιιειιίλΒιιιιιοΙιίιιε.

229 4479 323 4544 1145.
364 4475 434 4538 Ald.
458 4465 572 4538 rell.
547 4503 571 4540 ω
592 4472 668 4540 πόλι.
705 4475 792 4538 Lase.
816 4489 846 4538 et
861 4463 994 4561 cedd.
969 4501 993 4540 α
1013 4471 1106 4552 πόλις.
1146 4479 1253 4542 Omnes
