3026 5134
674 345 729 392 l'll

144 529 184 597 ut
208 545 282 592 enm
310 519 426 594 sedulo
462 521 573 595 ornnia
599 521 716 618 quibus
742 521 887 620 speciem
914 522 1058 620 aliquam
1083 515 1153 596 s'nis
1178 523 1264 596 iudi·
1378 561 1381 566 ·

145 643 208 724 ciis
240 647 492 745 praetenderet,
524 647 705 724 eonasisse
741 655 911 745 appareat.
949 649 1025 724 Non
1052 665 1123 722 sonu
1149 650 1265 722 imme·

143 801 219 850 onor
252 797 363 848 eorum
398 797 481 869 qnae
515 773 739 850 defendendae
764 775 822 852 isti
846 776 969 850 rationi
1000 778 1072 874 ipse
1103 776 1139 850 in
1164 801 1265 874 prae-

145 901 271 975 fatione
304 898 562 978 Phoenissarum
596 902 742 998 cogitate
775 908 811 976 et
833 903 989 998 ¹grauiter
1015 902 1120 1001 dixit,
1156 927 1264 1000 neque

145 1027 279 1102 infitior
300 1052 374 1104 esse
399 1028 575 1140 nonnullos
601 1029 635 1104 in
660 1026 856 1102 Phoenissis
884 1053 1016 1121 uersus,
1044 1053 1181 1126 quorum
1207 1029 1265 1102 alii
1405 1105 1407 1112 ,

146 1162 262 1252 apertu
287 1154 451 1250 suppositi
477 1163 575 1247 sunt,
603 1156 822 1230 alienantem
852 1155 884 1228 si
900 1179 966 1230 non
983 1155 1175 1253 scripsisset
1190 1154 1266 1228 Eo·
1337 1219 1341 1223 .

146 1280 294 1377 lipidos‚
321 1305 416 1356 nemo
443 1277 666 1356 desideraretz
702 1305 766 1355 nee
792 1306 871 1356 sune
904 1282 1086 1356 mirandum
1123 1290 1194 1374 est,
1227 1282 1259 1356 si
1326 1280 1328 1284 ’

145 1408 182 1484 iu
209 1407 271 1481 hue
305 1408 497 1511 tragoedia,
535 1433 618 1506 quae
650 1409 787 1482 multum
820 1409 898 1486 olim
924 1409 959 1482 in
985 1405 1109 1484 sobolis
1137 1408 1266 1482 uidetur

145 1533 299 1609 lectitata
332 1557 425 1623 esse,
458 1535 515 1608 hie
544 1536 618 1608 illie
644 1535 764 1631 aliquis
790 1534 914 1630 aliquid
950 1534 1133 1608 addendum
1166 1544 1266 1632 puta·

145 1661 217 1734 rit:
251 1668 285 1733 at
319 1661 384 1736 nisi
415 1661 603 1736 istiusmodi
638 1639 752 1734 versus
785 1661 870 1734 tulos
897 1667 993 1750 sunt,
1026 1668 1063 1734 ut
1088 1685 1146 1732 uos
1172 1669 1264 1747 certo

145 1811 213 1860 non
240 1812 313 1860 esse
340 1787 380 1862 ab
406 1786 569 1885 Euripide
596 1788 740 1885 scriptos
767 1787 897 1861 ostendi
921 1786 1265 1884 possit,ternereriurn

147 1921 201 1988 est
234 1939 292 1990 uos
325 1937 343 1986 u
377 1923 475 2010 poete
510 1939 576 1990 non
608 1915 850 1992 studiosissimo
885 1913 1056 1990 brevitatis
1087 1921 1266 2010 propterea

148 2040 351 2130 subindicare,
380 2041 466 2136 quod
492 2043 551 2116 ille
578 2067 635 2117 eos
662 2043 760 2116 etiarn
785 2065 852 2116 nou
875 2039 1196 2137 scriberepotuerit.
1223 2037 1266 2112 Id

149 2173 258 2241 autern
285 2165 545 2242 Valckenariurn
572 2193 634 2266 pro
658 2168 796 2242 libidine
822 2192 896 2258 sua,
930 2191 994 2240 nee
1020 2175 1112 2240 certa
1135 2166 1265 2238 ratione

94 2391 98 2399 Ι
145 2291 268 2366 iecisse
290 2319 330 2368 co
356 2294 567 2390 intelligitur,
596 2295 683 2392 qnod
716 2319 810 2391 quaro
837 2293 956 2390 cupide
982 2293 1124 2389 optimos
1153 2315 1266 2367 uersus

146 2420 281 2514 spurios
307 2445 380 2494 esse
405 2423 649 2518 pronuntiauit,
676 2427 742 2493 tarn
768 2421 855 2494 idem
881 2443 1017 2492 securus
1044 2442 1127 2515 quae
1148 2418 1265 2492 rnerito

10 2537 11 2540 '
150 2554 306 2642 suspecta
330 2573 405 2623 esse
425 2549 593 2625 ‚aelstano
619 2572 693 2621 non·
707 2547 867 2622 dubitarit
885 2571 947 2643 pro
965 2545 1266 2644 polinis-babere.

148 2671 263 2748 Teuta
289 2697 367 2747 vero
394 2675 490 2748 boios
516 2677 578 2747 riri
604 2675 960 2766 hainaucensem,
988 2697 1052 2768 qno
1079 2672 1266 2746 accuratius

147 2799 208 2874 ille
233 2797 436 2878 Plroerirrsa
461 2809 682 2899 pertractasse
709 2801 917 2892 credebatur,
945 2825 985 2873 eu
1001 2799 1173 2876 socordius
1192 2823 1266 2872 enrn

149 2935 366 3022 sequerentur
401 2930 477 3002 aliia
505 2955 546 3002 ex
574 2928 908 3026 quibusssrnnckius
933 2951 1018 3026 pene
1045 2928 1198 3002 servilem
1230 2927 1267 3000 in

149 3053 281 3128 modurn
322 3055 537 3152 obsequiosus
569 3056 653 3147 leit,
692 3057 748 3151 qui
782 3064 890 3128 autem
922 3054 1080 3128 liberiore
1114 3054 1267 3150 utebatur

149 3179 287 3272 iudicio,
313 3181 359 3254 R.
386 3179 571 3272 Personas,
597 3189 705 3252 tarum
733 3191 767 3252 et
791 3182 864 3276 ipse
885 3181 1056 3252 remissior
1070 3180 1268 3275 saepissime

150 3307 185 3378 in
210 3305 430 3382 Valckenarii
461 3308 585 3382 iodieio
611 3307 788 3402 acquievit.
840 3305 994 3402 Denique
1030 3306 1076 3378 Α.
1100 3304 1266 3378 Matthiae

151 3435 280 3528 qualern
305 3435 339 3505 io
367 3436 487 3506 ceteris
513 3435 714 3530 tragoedia,
741 3435 839 3504 talem
867 3458 903 3504 se
929 3433 1081 3529 praebuit
1107 3433 1203 3503 etiam
1231 3432 1266 3502 in

150 3557 382 3654 Phoenissisa
406 3561 446 3633 de
478 3587 543 3657 quo
572 3539 647 3632 'dixi
679 3563 714 3634 io
748 3561 951 3658 praelatione
977 3559 1161 3643 Helenae„
1195 3557 1267 3657 Sed

153 3685 194 3756 de
226 3685 278 3757 bis
305 3679 406 3758 rebus
427 3712 492 3759 non
520 3689 664 3761 mirabor
688 3688 719 3759 si
744 3689 802 3758 alii
829 3690 927 3758 aliter
953 3688 1108 3777 sentient,
1136 3685 1265 3780 quando

153 3813 206 3886 uel
231 3813 380 3906 glorioso
407 3813 495 3886 edita
521 3813 705 3910 Iphigenia
720 3814 756 3884 in
782 3801 1036 3886 Aulidesoritieo
1058 3811 1189 3907 publice
1215 3810 1269 3882 in-

152 3944 206 4006 ter
229 3937 356 4009 indices
389 3940 581 4031 considere,
618 3924 818 4034 bipedesqoe
846 3938 1005 4008 benetune
1038 3935 1268 4031 anapaesticus

137 4061 338 4134 ‘homnibus
358 4065 684 4160 quadrupedantibus
712 4063 881 4134 uenditare
906 4086 1100 4135 conoessum
1134 4067 1198 4134 est.
1225 4059 1268 4138 C.
1312 4065 1316 4072 ’

154 4186 203 4262 G.
236 4186 434 4260 Firohuberl
457 4191 591 4280 librom,
614 4214 681 4286 quo
695 4189 758 4280 ille¹
771 4189 943 4260 damnatos
960 4188 993 4260 in
1012 4187 1207 4264 Phoenissis
1233 4195 1269 4264 et

153 4314 277 4389 Medea
297 4336 409 4386 seusus
434 4314 612 4390 detondere
628 4314 766 4407 erduic,
792 4314 963 4411 impressis
989 4315 1055 4389 iam
1077 4315 1269 4392 adnotatio·

154 4443 261 4514 sibus.
276 4440 358 4512 meis
379 4433 507 4539 uetaepi.¹

1503 4013 1504 4024 t

1501 4047 1504 4066 r

1503 4103 1504 4122 r

1503 4129 1504 4150 t

1503 4225 1504 4260 l

1503 4629 1504 4650 t

1503 4743 1504 4758 l
