3032 5132
673 283 746 359 103

143 476 948 524 ίίῑίίιίίῡίίῆίίϋίίίίῑίίίί

141 575 285 673 τὰμὲν
311 571 383 652 σὺν
409 579 558 676 ἄστρων
583 585 807 660 ἐπιτολαῖσιν
831 586 983 680 ὄμματα

50 799 54 806 ¹
141 703 324 792 κλαίοντα,
350 703 398 777 τδι
426 702 466 780 δὲ
492 703 705 802 κρύπτοντα
732 707 928 788 δυνόντων
953 713 1059 808 μέτα,

136 911 392 921 ..ω-...Ἣ

140 1053 254 1105 iunctum
283 1047 379 1104 inultae
406 1043 474 1121 apuid
498 1045 681 1104 Pauoikam
674 1052 801 1127 imagines
828 1058 986 1108 monstrante
1013 1055 1071 1127 ipse
1097 1057 1182 1108 autern
1205 1071 1257 1109 non

140 1141 181 1189 est
208 1135 301 1189 canina
328 1132 412 1188 fcrrua
439 1134 568 1191 inuentus.
612 1132 682 1198 Quid
709 1133 820 1210 denique
846 1135 912 1196 iilud
940 1143 988 1210 est,
1009 1130 1049 1196 τδ
1068 1132 1125 1210 μίν
1146 1128 1243 1236 §ist
1221 1157 1257 1194 u-

140 1236 242 1293 στρων
263 1207 486 1275 ίπιτολαΐσιν”
469 1235 594 1292 ομματα
614 1213 778 1298 βλέποντα,
800 1213 839 1277 τὰ
861 1216 895 1278 δὲ
915 1213 1088 1320 κρύπτοντα
1105 1211 1257 1279 δυνόντων

139 1298 238 1376 putrui
226 1301 443 1358 dSchrdiastae
471 1300 572 1375 quideru
601 1300 750 1381 Augustani
778 1306 913 1380 explicatio
943 1306 1097 1382 quioculos
1120 1301 1153 1362 ad
1174 1307 1257 1362 orien-

1265 614 1345 678 1125

140 1395 192 1444 tem
215 1394 240 1444 et
261 1386 293 1443 ad
314 1384 471 1443 occidentem
494 1405 633 1446 τοιιντιτοτ
654 1387 782 1466 distingui
802 1397 883 1465 putat,
905 1389 979 1464 piane
1000 1388 1112 1448 absurda
1122 1397 1171 1455 est
1188 1388 1257 1466 quud
1315 1447 1316 1452 ,

139 1475 179 1528 sic
199 1469 287 1548 Argus
310 1472 390 1527 altera
411 1477 483 1546 parte
505 1474 619 1546 corporis
641 1473 745 1530 clausos
765 1471 815 1532 hah
818 1493 864 1532 ens
879 1476 976 1531 oculos
998 1495 1049 1532 non
1066 1475 1125 1550 plus
1147 1474 1258 1531 vidisset

138 1576 214 1632 quarn
243 1557 335 1630 quibus
368 1554 418 1612 duo
445 1559 544 1611 tanturn
575 1555 644 1612 oculi
672 1564 741 1614 suut.
790 1555 851 1613 Non
873 1563 959 1614 minus
981 1557 1092 1615 absurda
1114 1565 1155 1614 est
1175 1559 1257 1615 alteru

137 1644 321 1718 interpretatio,
349 1659 400 1716 qua
427 1641 486 1697 eliis
515 1640 598 1698 oculis
626 1659 728 1700 cernere
756 1639 850 1702 dicitur
871 1637 959 1718 Argus
981 1661 1058 1718 quurn
1081 1647 1200 1700 oriuntur
1221 1645 1254 1704 ei·

138 1726 212 1796 dere,
235 1726 300 1782 aiios
323 1732 417 1793 auteur,
439 1743 516 1799 quum
539 1723 666 1796 occidunt,
689 1724 815 1782 claudere
837 1725 907 1784 Nam
930 1745 995 1802 quos
1018 1725 1119 1784 tandeui
1142 1723 1255 1796 claudat,

47 1885 48 1888 Ἰ
136 1813 190 1868 nisi
217 1799 281 1886 ques
312 1817 414 1886 apertus
436 1807 561 1865 habebat?
603 1809 644 1867 lta
665 1829 726 1888 ergo
749 1808 860 1866 interdiu
883 1808 947 1867 nihii
968 1807 1086 1866 vidisset.
1130 1808 1252 1876 Omnino,

136 1898 257 1996 quoniam
286 1913 339 1952 nnn
366 1893 399 1952 de
418 1895 478 1952 rivo
499 1891 581 1972 Argo,
601 1894 649 1954 sed
670 1895 730 1954 de
722 1898 835 1972 imagine
857 1898 916 1956 eius
934 1914 1019 1954 serino
1042 1903 1090 1963 est,
1112 1912 1168 1954 eant
1189 1897 1253 1952 iura·
1281 1933 1284 1936 -

135 1984 223 2059 gineru
244 1980 322 2037 taleni
352 1979 436 2035 fuisse
458 1998 564 2036 necesse
587 1988 641 2050 est,
668 1988 697 2036 ut
717 2000 763 2056 per
784 1987 866 2038 tetum
888 1998 982 2056 corpus
1004 1979 1048 2034 alii
1070 1979 1138 2036 ocuii
1160 1978 1252 2048 clausi,

135 2067 181 2121 aiii
204 2069 284 2140 aperti
312 2071 487 2120 cernerentur:
515 2063 592 2142 idque
621 2084 666 2122 cur
687 2067 724 2121 ita
747 2069 841 2140 pictum
863 2075 933 2120 esset
954 2072 983 2121 ut
1005 2062 1146 2119 declararet
1166 2069 1251 2137 poeta,

63 2200 71 2210 .
136 2148 230 2206 adiecit
258 2147 330 2216 iliud,
357 2149 417 2204 aliis
438 2147 547 2225 Argum
560 2149 643 2206 aculis
663 2150 751 2218 auctu,
772 2149 832 2209 aliis
853 2147 967 2209 interdiu
987 2166 1045 2206 esse
1066 2165 1152 2205 usum.
1195 2146 1251 2207 lucu
1276 2145 1287 2217 s

135 2233 204 2309 quod
226 2231 373 2290 adnomen
396 2231 459 2310 Argi
483 2236 607 2289 omissum
630 2235 729 2304 attinet,
750 2240 851 2308 praeter
871 2238 947 2290 istam
971 2232 1251 2332 canisappellationem

135 2323 213 2375 eiiam
237 2317 299 2374 haec
321 2320 411 2374 unius·
420 2316 618 2374 scholiastaruin
640 2319 718 2374 rerba
739 2316 856 2418 aliqpid
859 2321 984 2374 ruomenti
1001 2315 1107 2373 hahent:
1130 2313 1173 2384 τίς
1192 2307 1251 2416 peip

133 2423 196 2477 τεκι
184 2396 295 2480 μήριον
315 2402 370 2477 τῆς
390 2398 538 2480 πατρίδος
559 2404 684 2476 σημεῖον
705 2395 825 2460 στικτὸν
846 2395 934 2480 δἰρερε
955 2421 1009 2477 της
1020 2394 1157 2477 Appiae
1176 2392 1253 2472 βοὸς

134 2481 269 2568 φύλακα.
318 2487 388 2544 Nam
415 2485 466 2542 hoc
492 2486 547 2563 τῆς
563 2479 712 2563 Ἀργείας
732 2480 789 2559 pind
792 2506 807 2551 c
828 2506 879 2542 non
907 2484 983 2542 habet
1004 2486 1113 2542 colorem
1142 2482 1253 2540 scholia·

134 2583 232 2632 starum
260 2575 397 2630 sermonis.
440 2569 513 2628 Haec
535 2574 578 2647 qui
599 2573 761 2646 reputaverit,
780 2571 858 2628 'facile
874 2568 955 2628 credo
978 2568 1126 2637 adducetur,
1146 2577 1176 2626 ut
1197 2587 1253 2626 rer·

63 2650 65 2660 '
134 2679 192 2718 sum
227 2657 391 2718 intercidisse
418 2656 556 2733 concedat,
590 2660 765 2732 scrIptumque
796 2656 827 2712 ab
854 2653 979 2731 Euripide
1009 2654 1060 2714 hnc
1092 2655 1147 2714 fere
1174 2651 1249 2712 mode
1328 2723 1330 2728 ι

133 2745 230 2801 fuisse:

335 2829 468 2895 στικτοῖς
489 2817 658 2929 πανόπτην
667 2815 803 2926 όμμασιν
825 2813 1008 2923 δεδορκότα

334 2912 388 2986 τῆς
406 2902 531 2987 Ἰνόχου
552 2901 619 2971 κύν’
642 2900 766 2988 Ἀργον
782 2900 931 2988 Ἀργείοις
950 2894 1034 2982 βοός

132 2997 196 3056 Neu
223 3015 321 3064 canera,
343 2993 390 3051 sed
416 2994 550 3054 custodem
578 2994 704 3054 Inacheae
733 2997 859 3094 virginis
869 2997 972 3066 uocauit
998 2989 1107 3067 Argum,
1130 2996 1249 3090 reeteque

134 3073 209 3138 κύνα
235 3082 418 3152 interpretatus
445 3090 486 3134 est
506 3079 551 3134 iile
572 3082 616 3151 qui
648 3081 752 3150 scripsit
777 3078 831 3151 τῆς
849 3069 997 3153 Αργιίας
1017 3069 1093 3152 βοὸς
1114 3063 1248 3153 φύλακα.

134 3162 187 3228 Qui
208 3170 352 3236 sequuntur
372 3177 471 3227 versus,
494 3159 526 3215 ad
548 3179 594 3216 ees
616 3159 812 3216 scholiastaruur
825 3157 1127 3256 unushaepadnctavit.
1149 3149 1249 3216 ἰστέον

134 3244 183 3306 δτι
210 3239 245 3304 τδ
272 3237 464 3346 βλέποντα
492 3239 542 3300 καί
569 3235 604 3299 τὸ
615 3232 851 3340 κρύπτοντα
872 3233 1071 3300 συντάσσεται
1094 3232 1248 3343 ἀρσενικαι

134 3329 297 3394 αι’τιατικαὶ
320 3347 420 3397 ουσαν,
441 3347 492 3388 και
515 3319 583 3403 ούχ,
604 3317 645 3395 ὡς
651 3321 747 3428 φασί
765 3345 849 3396 τινες,
873 3317 1039 3424 ουδότιραι,
1061 3315 1248 3382 ουντύσοον

29 3423 33 3432 ’
114 3411 181 3488 ’τες
202 3435 278 3494 πρις
300 3409 334 3472 τὸ
356 3406 401 3470 sd
422 3407 501 3484 μὲν,
524 3406 568 3470 τὰ
590 3405 643 3480 δε,
666 3403 702 3469 οὗ
725 3402 926 3513 συνάπτοντες
937 3401 1247 3513 τριπροτὲρῳ,ἆλλδ

132 3493 321 3602 κομματικδν
342 3492 532 3600 ἔκφίροντες,
553 3487 812 3572 λαμβάνονττςξ
780 3515 793 3554 ι
791 3493 894 3568 'gar-‘ier
914 3487 949 3553 τὸ
970 3485 1116 3598 ὑπῆρχον,
1138 3513 1188 3553 και
1181 3485 1247 3552 λί-

132 3607 232 3666 γαντις
254 3577 349 3643 οὕτω·
371 3577 410 3641 τὰ
428 3578 484 3658 μὲν
506 3602 630 3658 οριματα
651 3573 788 3659 ὑπῆρχον
808 3569 972 3656 βλέποντα,
991 3573 1030 3639 τὰ
1052 3570 1246 3656 δὲκρύπτον-

132 3693 182 3736 τα.
226 3672 255 3728 Si
276 3689 341 3728 sana
363 3676 403 3726 est
422 3670 544 3726 libroruin
566 3673 702 3744 scriptura,
719 3670 803 3770 sclupr
820 3657 993 3767 κρύπτοντα
1015 3666 1179 3726 accusativus
1200 3682 1246 3720 nu·

133 3761 196 3816 uteri
222 3757 362 3858 singularis
391 3762 445 3830 est,
473 3752 614 3828 diciturque
642 3752 730 3832 Argus
759 3745 797 3814 τὰ
823 3772 879 3826 μιν
901 3743 1025 3849 όμματα
1047 3741 1105 3808 adr
1125 3764 1246 3823 αατρων

133 3837 293 3912 τπντολαῖς,
314 3834 352 3901 τὰ
376 3833 408 3900 δὲ
435 3797 585 3900 δυνόντων
606 3833 684 3913 p'e'rc
704 3831 763 3910 βλί
763 3855 858 3896 ποντα
881 3825 1031 3912 κρύπτων.
1064 3828 1101 3888 At
1122 3828 1174 3885 huc
1193 3835 1246 3887 tana

133 3925 224 3986 dutum
245 3934 294 3994 est,
313 3933 344 3986 ut
364 3943 416 3984 nun
435 3929 519 3999 possit
540 3925 572 3982 ab
591 3920 715 3995 Euripide
740 3920 882 3994 profecturi
904 3915 982 3977 credi.
1025 3915 1176 3988 Suspicetur
1197 3912 1248 3969 for·

132 4017 203 4070 tasse
225 4011 317 4084 aliquis
338 4007 499 4067 scribendum
521 4026 580 4064 esse
602 4000 776 4074 κλέπτοντα,
798 4007 919 4077 quoniam
943 3995 1020 4059 etiam
1047 3999 1108 4055 alibi
1124 3989 1183 4071 ,itt
1182 4015 1246 4056 παν

133 4104 159 4152 et
167 4088 303 4154 κλέπτειν
313 4099 469 4152 commutata
480 4095 654 4148 inveniuntur
676 4086 728 4146 Sed
750 4089 831 4144 multu
853 4085 1011 4163 probabilius
1033 4091 1074 4143 est
1096 4079 1246 4156 quodSeid·

130 4182 202 4242 lenus
222 4180 333 4240 coniecit
353 4173 497 4234 κλειᾛοντα
530 4172 561 4235 dd
583 4193 643 4255 erge
665 4176 777 4248 reposui
812 4171 864 4238 Qui
885 4172 1001 4244 sequitur
1021 4185 1122 4232 rusus,
1145 4173 1245 4227 tautum
1275 4183 1277 4188 ’

132 4268 206 4325 abest
231 4272 261 4322 ut
280 4262 398 4322 insulsus
419 4261 462 4329 sit,
482 4264 513 4318 ut
534 4261 569 4317 sit
589 4260 665 4334 piane
686 4261 860 4322 necessarius.
884 4254 971 4314 Nem
994 4251 1054 4312 dum
1076 4251 1246 4331 pugnabatur,

131 4371 183 4409 non
204 4354 304 4426 poterat
325 4347 394 4405 cerui
415 4345 481 4402 alios
501 4344 592 4406 oculos
613 4343 725 4411 clauses,
746 4343 811 4400 alius
832 4346 935 4418 apertus
957 4357 1024 4399 csse
1055 4336 1145 4411 Itaque
1167 4339 1244 4396 etiam

131 4435 183 4492 dici
205 4434 327 4492 distincte
348 4429 462 4498 debebat,
484 4445 543 4488 usse
565 4426 591 4490 id
612 4435 672 4504 post
691 4428 745 4496 itia,
766 4446 845 4504 quum
866 4431 983 4489 mortuus
1005 4430 1082 4494 esset,
1104 4424 1245 4498 cognitum,

131 4541 164 4578 ne
185 4522 243 4595 quis
265 4522 404 4595 quaereret,
425 4511 561 4592 quomado,
582 4510 642 4571 dum
665 4514 762 4590 clipeus
782 4512 851 4574 inter
871 4507 1037 4588 pugnandum
1061 4525 1138 4566 uranu
1159 4524 1245 4572 versu·
