3028 5136
779 318 830 372 llll

243 481 370 565 'chorus
401 489 534 563 fabulae
569 486 795 584 significetur,
832 513 943 586 quum,
969 491 1068 564 etiam
1097 491 1133 563 iu
1164 488 1355 564 Heraclidis

248 606 423 705 Euripidis
450 631 516 680 nou
542 605 615 698 illi,
641 629 662 676 a
688 606 807 703 quihus
828 631 948 680 nomen
975 608 1108 682 fabulae
1128 608 1263 682 ductum
1290 617 1354 702 est,

250 726 308 798 sed
333 725 421 798 cirer
442 723 666 798 Athenienses
685 724 835 822 partihus
855 725 1036 822 iungantur
1054 725 1172 799 chorii
1223 724 1355 800 Nomen

248 843 352 940 igitur
372 839 565 918 Cressarum
592 865 657 912 non
686 843 839 940 prohihet
860 843 901 917 tle
924 845 1044 940 satyris
1068 844 1229 940 cogitare.
1284 843 1355 917 'At-

248 977 311 1059 quc
337 961 372 1031 in
401 965 594 1057 argumento
624 981 754 1057 quoque
776 967 846 1053 est,
879 961 965 1058 quod
996 961 1037 1033 ah
1069 986 1108 1034 eo
1136 985 1258 1057 gauere
1286 985 1354 1032 nou

246 1079 437 1152 abhorreat.
495 1074 705 1150 Scholiastes
728 1077 965 1174 Aristophanis
997 1078 1040 1150 al
1063 1078 1178 1152 Rauas
1209 1103 1241 1151 r.
1265 1077 1353 1152 848.

247 1196 369 1292 (873.)
395 1194 435 1268 ‹le
466 1189 610 1265 Creticis
635 1193 816 1267 monodiise
847 1190 1087 1278 Ἀπολλώνιος
1111 1191 1175 1283 ahs,-
1205 1193 1262 1268 ὅτι
1286 1191 1355 1270 (λύ-

246 1339 357 1389 ναται
387 1307 457 1385 ’καὶ
493 1313 544 1392 εὶς
574 1306 645 1404 τὴν
672 1305 849 1408 Ἀερόπην
881 1309 951 1404 τὴν
983 1313 1024 1388 ἐν
1053 1317 1135 1395 ταῖς
1166 1306 1354 1410 Κρήσσαις

247 1431 438 1529 εἰρῆσθαι,
470 1425 518 1520 ἣν
542 1422 707 1528 ελςήγαγε
735 1422 1003 1526 πορνεύοσσαν.
1060 1429 1205 1526 Legitur
1239 1431 1286 1503 ihi
1312 1431 1353 1505 ἐν

246 1553 324 1630 τοῖς
346 1541 528 1645 Κρήταις,
554 1545 641 1642 quod
664 1545 849 1619 emendarit
866 1547 1053 1620 Bentleius.
1103 1546 1190 1622 Nam
1213 1547 1353 1646 Sopho·

246 1668 310 1741 olis
335 1665 532 1739 scholiastes
559 1662 601 1734 ad
626 1663 766 1736 Aiacem
792 1689 824 1736 u.
851 1663 959 1736 1297.
988 1661 1182 1760 ἡῖστορία
1207 1665 1248 1738 ἐν
1272 1669 1353 1747 ταῖς
1400 1680 1403 1692 ’

243 1778 433 1882 Κρήσσαις
452 1777 677 1879 Εὐριπίδου,
704 1779 762 1855 ὅτι
787 1778 1068 1877 διαφθαρεῖσαν
1088 1763 1207 1876 ericho
1225 1777 1353 1880 λάθρᾳ

243 1899 318 1976 ὑπὸ
346 1894 577 1998 θεράποντος
602 1897 622 1972 ὃ
649 1893 768 1994 πατὴρ
794 1896 973 1996 Ναυπλίῳ
999 1895 1214 1992 παρέδωκεν
1240 1901 1353 1974 ε’ντει-

161 2053 165 2058 *
245 2014 404 2114 λύμενος
430 2015 711 2089 ἄποπονταῖσαι·
739 2013 759 2088 ὃ
785 2011 826 2088 δὲ
853 2013 922 2088 οὐκ
945 2013 1122 2108 ἐποίησεν,
1149 2014 1225 2090 ἀλλ’
1245 2019 1353 2119 ἐνηγ-

244 2131 359 2239 γύησε
395 2131 627 2207 Πλεισθένει.
695 2133 779 2226 Quis
815 2157 882 2206 non
918 2133 1009 2208 videt
1049 2136 1253 2232 aptissimum
1286 2138 1352 2210 hoo

244 2263 429 2350 satyrorum
449 2250 606 2326 lasciuiae
624 2259 849 2349 argumentum
868 2252 984 2345 luisse,
1005 2253 1035 2325 si
1055 2250 1236 2352 Euripides
1254 2251 1351 2327 Neu-

243 2372 349 2470 plium
374 2395 447 2446 cunr
465 2371 603 2470 Aeropa
627 2395 773 2468 quasque
805 2372 867 2442 ille
900 2395 1012 2444 secum
1046 2371 1184 2445 haberet
1206 2369 1351 2446 Creticis

216 2547 220 2554 .
243 2490 437 2564 mulieribus
460 2487 553 2562 Naxi
578 2490 686 2562 alioue
709 2490 784 2562 loco
810 2488 930 2585 satyris
959 2489 1107 2561 habitato
1130 2490 1350 2587 appellantem

242 2605 405 2682 lecisset?
464 2607 514 2681 At
545 2608 646 2681 naid
671 2608 795 2680 lactum
820 2615 973 2704 putemus
1006 2615 1141 2680 monent
1161 2605 1351 2704 'fragmenta

242 2726 395 2820 iahnlae,
426 2749 511 2823 quae
546 2749 613 2798 non
645 2725 753 2798 solum
781 2725 884 2796 multo
914 2724 1198 2799 sententiosiorcm
1223 2724 1351 2797 oratio·

241 2867 338 2938 nem,
375 2867 472 2941 qnam
498 2865 582 2938 quac
607 2842 728 2938 satyris
753 2840 947 2933 conueniat,
971 2841 1136 2940 produnt,
1166 2841 1224 2915 secl
1251 2843 1350 2916 etiarn

242 2960 393 3033 iudicare
423 2959 578 3033 ridentur
610 2961 726 3057 epulas
759 2959 946 3055 Thyesteas
970 2959 1007 3030 iu
1035 2961 1097 3032 illa
1129 2959 1242 3033 lahela
1276 2984 1350 3033 esse

242 3085 415 3152 tractatas.
466 3077 578 3170 Quare
600 3101 683 3176 quae
710 3075 751 3152 (lc
771 3076 908 3174 Aeropa
930 3090 964 3151 et
980 3075 1127 3175 Nauplio
1149 3078 1349 3151 scholiastae

242 3195 296 3268 illi
320 3195 547 3290 tradiderunt,
579 3220 646 3268 nou
672 3203 767 3288 eota,
800 3196 858 3269 sed
891 3205 1026 3268 narrata
1057 3197 1091 3266 in
1119 3193 1249 3269 Cressis
1274 3220 1349 3268 esse

242 3314 495 3388 existimandum
519 3321 591 3409 cst,
617 3339 722 3413 eoque
748 3322 898 3412 spectare
924 3316 984 3388 hos
1012 3315 1126 3387 versus
1150 3313 1238 3412 apud
1262 3309 1349 3388 Sto·

241 3433 359 3505 haeum
383 3429 481 3505 clx„
506 3433 544 3504 7.

371 3595 467 3695 λύπη
491 3597 562 3698 μὲν
588 3601 658 3698 ἄτῃ
679 3602 884 3698 περιπεσεῖν
910 3603 1047 3698 αἰσχρᾷ
1070 3595 1161 3674 τινί·

371 3721 403 3791 ελ
424 3715 464 3792 (λ’
487 3713 557 3794 οὖν
578 3718 742 3820 γένοιτο,
765 3715 840 3816 χρὴ
862 3721 1082 3816 περιστεῖλαι
1103 3721 1225 3798 καλοῖς

369 3831 600 3934 κρύπτοντα,
623 3834 687 3909 καὶ
711 3834 764 3933 μὴ
789 3842 881 3910 ποῖσι
901 3830 1100 3933 κηρύσσειν
1121 3829 1229 3908 τάδε·

368 3953 482 4057 γέλως
500 3951 574 4057 γὰρ
601 3956 751 4052 ἐχθροῖς
775 3950 942 4055 γίγνεται
964 3948 1170 4028 ahtoteila.

109 4137 115 4146 ‘
242 4127 341 4220 Quorl
364 4127 397 4201 si
419 4153 485 4201 non
509 4125 720 4199 dubitandum
743 4127 875 4204 uidetur
896 4127 975 4226 quin
995 4127 1093 4202 etiam
1111 4122 1252 4202 Cressae
1274 4132 1347 4197 tra-

241 4246 361 4343 goedia
389 4246 534 4338 luerint,
565 4243 649 4316 illud
683 4253 793 4318 tamen
825 4271 890 4319 nou
921 4270 965 4319 cx
995 4244 1083 4316 omui
1114 4253 1209 4340 parte
1234 4265 1346 4317 uerum

242 4388 316 4437 csse
354 4363 503 4454 videtur,
536 4362 622 4460 quod
649 4361 895 4436 Valckenarius
919 4363 955 4434 in
981 4360 1124 4436 diatriba
1155 4362 1197 4438 de
1225 4361 1346 4457 lragur.

241 4478 362 4580 Eurip.
386 4507 421 4579 p.
445 4484 504 4556 12.
529 4481 682 4581 scripsit:
717 4482 912 4582 ermperto
936 4479 1057 4556 Atreo
1087 4491 1129 4556 et
1161 4479 1346 4577 repostae
