3032 5132
685 283 732 362 til

151 477 280 578 πικρὸς
302 479 504 576 καθέστηχ’
535 480 590 568 οἷς
614 481 671 559 ἂν
691 489 941 584 οἲωνοσκοτιῇ’

126 645 130 651 .
151 604 272 704 ψευδῆ
298 603 335 680 δ’
364 604 430 684 ὑπ’
460 610 585 684 οἴκτου
610 615 706 686 τοῖσι
727 611 934 713 χρωμένοις
958 611 1077 715 λέγων
1082 670 1095 706 ,

152 731 273 807 ἀδικεῖ
296 730 344 806 adr
369 739 448 809 τῶν
471 737 588 814 θεῶν.
641 739 790 837 Φοῖβον
815 736 1032 837 ἀνθρώποις
1056 737 1176 838 μόνον
1267 749 1330 811 960

125 941 127 946 ,
147 866 246 958 χρῆν
271 857 518 958 θεσπιῳδεῖν,
547 862 587 946 ὃς
610 862 776 942 δέδοικεν
802 864 948 944 οὐδένα.

597 1069 816 1142 ΧΟΡΟΣ.

152 1210 290 1309 Κρέον,
314 1209 351 1286 τί
377 1221 494 1315 σιγᾷς,
519 1224 640 1318 γῆρυν
666 1216 1058 1321 ἄγθογγονοχοίοακ
1117 1285 1120 1290 .

151 1336 266 1435 κάμοὶ
288 1337 361 1440 γὰρ
389 1339 499 1418 οὐδὲν
522 1335 639 1439 ἧσσον
665 1345 828 1448 ἔκπληξις
852 1342 965 1451 aduc.

600 1550 678 1622 ΚΡ
685 1545 764 1624 ΕΩ
772 1552 817 1620 Ν.

151 1687 189 1764 τί
213 1689 249 1766 δ
279 1693 328 1769 ἄν
352 1722 408 1778 τις
433 1698 546 1786 είιιοις
572 1695 687 1798 δῆλον
720 1699 759 1774 οἵ
778 1697 816 1800 γ’
846 1695 927 1794 ἐμοὶ
953 1693 1065 1799 λόγοι.

151 1816 224 1918 ἐγώ
250 1817 323 1920 γὰρ
350 1822 478 1896 οὔποτ’
508 1827 558 1907 εἷς
583 1820 664 1898 τόδ’
696 1823 769 1921 εἶμι
797 1830 1013 1923 συμφορᾶς,
1269 1848 1331 1910 965
1412 1881 1414 1885 v
1462 1911 1469 1924 ,

151 1942 239 2026 adera
266 1949 457 2048 σφαγέντα
482 1949 599 2026 παῖδα
624 1955 841 2050 προςθεῖνοιι
866 1947 978 2024 πόλει.
1221 1955 1223 1960 ’

149 2077 265 2146 πᾶσιν
290 2071 363 2173 γὰρ
390 2073 628 2174 ἀνθρώποισι
652 2075 866 2176 φιλότεκνος
890 2075 993 2174 βίθέ,
1040 2087 1042 2090 ’

153 2195 235 2270 οὐδ’
265 2197 315 2274 δν
339 2199 407 2276 τὸν
433 2202 550 2278 αὑτοῦ
576 2200 694 2277 παῖδοί
718 2232 774 2286 τις
799 2201 882 2299 δοίη
907 2207 1066 2276 κτανεῖν.

149 2318 202 2419 μή
216 2315 269 2420 μ’
297 2325 490 2429 εὐλογείτω
514 2325 617 2427 τᾶμοί
641 2357 696 2412 τις
720 2327 875 2404 κτείνων
899 2327 1019 2403 τέκνα.

150 2448 263 2535 αὐτὸς
288 2451 341 2544 δ’,
368 2457 409 2532 ἐν
435 2453 562 2556 ὡραίῳ
586 2455 662 2559 γὰρ,
687 2457 844 2552 ἕσταμεν
867 2452 963 2554 βίῳ,

147 2671 394 2689 ⁸¹⁸———-———-—

235 2829 308 2895 970.
334 2833 421 2910 Vulgo
449 2827 589 2911 ἵσταμαι.
637 2833 709 2892 Fior.
732 2831 782 2896 33.
811 2830 948 2911 ἵσταμαι.
997 2831 1065 2892 Ven.
1087 2835 1112 2894 b.
1131 2829 1268 2909 ἰ’σταγιεν.

152 2913 207 2974 Alii
235 2921 345 2994 quinque
367 2922 456 2995 optimi
476 2920 535 2977 libri
557 2917 693 2994 ἵσταμεν,
716 2919 784 2997 quod
807 2925 896 2978 merito
919 2924 1015 2998 recepit
1036 2917 1173 2977 Matthiae.
1217 2919 1269 2978 Sed

152 2999 214 3075 quid
240 3001 363 3074 dicamus,
396 3003 464 3078 quod
491 3024 572 3080 neque
602 3005 647 3061 ille
674 3014 726 3062 taur
753 3009 876 3080 suspicax
902 3004 1099 3075 Valckenarius,
1127 3023 1174 3062 neo
1201 3004 1270 3081 quod

152 3077 231 3144 sciara
254 3093 388 3164 quisquam
410 3088 479 3144 alius
500 3088 569 3145 hunc
590 3096 615 3143 et
637 3096 783 3162 sequentem
805 3109 909 3145 versum
931 3094 1033 3164 spurios
1055 3109 1113 3146 esse
1130 3089 1270 3148 iudicavit?

151 3170 282 3235 Nimirum
305 3174 392 3235 nubles
413 3174 572 3246 reperiebant
593 3175 622 3230 in
643 3173 736 3243 quibus
755 3169 890 3239 haererent
905 3171 1116 3247 phraseologioas
1137 3177 1270 3236 ruinutias.

151 3256 209 3336 Ego
232 3256 334 3334 quidem
355 3255 519 3313 vehementer
539 3272 629 3314 vereor
650 3273 683 3312 ue
703 3257 758 3312 siut
779 3256 809 3315 eb
830 3253 1000 3317 histrionibus
1023 3258 1125 3325 inserti,
1154 3275 1203 3332 quo
1225 3277 1270 3332 pa·

151 3351 243 3408 ternus
270 3363 342 3409 anor
370 3341 491 3402 Creontis
519 3341 602 3422 inagis
623 3338 788 3400 elucesceret.
834 3338 909 3398 Certe
932 3342 955 3398 si
978 3339 1117 3418 Euripides
1139 3359 1186 3400 eos
1207 3344 1269 3400 scri·

151 3430 213 3503 psit,
233 3430 279 3489 rin
305 3429 380 3486 aliter
407 3423 509 3486 defendi
534 3430 656 3502 possunt,
682 3443 757 3505 quarn
779 3431 809 3486 ut
831 3423 968 3485 Creontem
992 3422 1075 3483 dicere
1097 3434 1224 3504 putemus,
1246 3432 1271 3490 si

152 3530 227 3568 suam
257 3515 369 3567 animam
398 3513 511 3586 accipere
539 3509 574 3566 dii
595 3510 684 3577 velint,
707 3529 765 3566 sese
787 3514 948 3580 urorituruur.
992 3509 1168 3586 Quamquam,
1190 3503 1270 3588 quu'tu

65 3629 67 3633 ·
151 3593 203 3658 hoc
223 3614 275 3652 uon
298 3593 408 3668 adiiciat,
429 3597 526 3662 rectius
547 3602 646 3670 optaret
667 3605 695 3660 ut
716 3597 766 3654 sibi
787 3596 876 3654 liceret
896 3615 942 3673 pro
964 3595 1017 3652 filio
1040 3599 1115 3654 ruori.
1157 3596 1227 3656 Naur
1245 3601 1270 3654 si

152 3682 220 3734 serio
249 3697 323 3735 suam
353 3683 464 3738 aniruarn
494 3677 576 3750 offert,
590 3684 705 3761 'ineptus
727 3688 775 3750 est,
797 3684 840 3756 qui
863 3676 938 3740 inodo
961 3700 994 3738 es
1015 3681 1122 3738 Tiresia
1143 3681 1271 3739 audiverit

153 3761 230 3820 taleru
258 3782 291 3820 ex
318 3763 419 3842 Spartis
440 3763 604 3824 mactandum
625 3783 699 3836 esse,
730 3770 845 3842 quinon
869 3762 945 3821 ruodo
966 3784 1072 3822 uxorein
1095 3785 1148 3822 non
1169 3764 1271 3836 habeat,

153 3843 199 3902 sed
230 3867 262 3904 ne
290 3849 460 3926 desponsatus
489 3849 590 3926 quidem
619 3855 662 3907 sit.
706 3847 782 3911 duod
812 3852 879 3906 eniur
900 3847 994 3905 viduus
1017 3852 1072 3924 ipse
1094 3856 1141 3916 est,
1164 3869 1194 3905 eo
1217 3870 1269 3906 non
1371 3905 1374 3908 ,
1413 3898 1416 3903 .

154 3939 194 3984 est
215 3931 300 3988 factus
320 3928 422 4019 ᾔθεος.
450 3935 552 3992 Deinde
575 3935 670 3991 stultus
693 3943 762 3989 esset
784 3933 859 4000 Creo,
882 3935 904 3987 si
927 3950 1011 3988 coram
1034 3933 1087 3989 filio
1110 3951 1139 3987 sc
1160 3925 1192 3988 re¹
1208 3953 1270 3990 vera

152 4032 200 4090 pro
221 4015 265 4071 iilo
288 4024 439 4076 moriturum
463 4017 621 4075 ostenderet:
644 4016 720 4090 quod,
742 4019 793 4073 nisi
814 4017 887 4072 iiiunr
905 4025 931 4072 ct
949 4020 1044 4072 acrioris
1066 4019 1150 4096 orrr'uis
1172 4026 1198 4073 et
1219 4023 1270 4094 pie·

153 4101 215 4154 tatis
238 4104 263 4154 et
276 4100 452 4170 ‘burrianitatis
474 4110 605 4176 expertein
623 4119 682 4156 esse
704 4099 825 4170 crederet,
855 4105 937 4158 vereri
960 4099 1062 4160 deberet
1083 4119 1117 4156 ue
1138 4119 1195 4158 euru
1217 4123 1268 4160 uon

151 4185 240 4259 posset
272 4184 306 4242 ad
337 4187 426 4263 ingane
454 4183 638 4261 capessendam
664 4205 820 4261 pernoscis.
868 4184 988 4260 Denique
1013 4189 1089 4252 etiarn
1112 4185 1270 4251 Menoeceus

152 4271 342 4345 spectatoribus
369 4269 480 4331 stolidus
507 4282 552 4328 aut
578 4267 657 4329 hebes
679 4269 759 4331 videri
781 4270 893 4341 deberet,
915 4273 939 4333 si
959 4273 996 4332 ita
1017 4272 1108 4348 fugant
1128 4274 1272 4344 simularet,

152 4361 182 4414 ui
201 4364 299 4430 potero
321 4376 368 4433 pro
390 4376 420 4415 se
442 4359 506 4416 niori
528 4373 609 4430 aequo
631 4359 716 4418 eoirno
739 4355 825 4425 ferret,
845 4363 981 4432 postquam
1003 4365 1088 4416 autern
1111 4358 1173 4418 abiit
1189 4369 1271 4434 pater,

152 4459 186 4498 ne
213 4444 369 4500 mentionem
391 4440 493 4519 quidem
514 4442 612 4501 faceret
633 4443 730 4506 ausoris
749 4445 862 4518 paterni,
881 4461 929 4503 nec
949 4459 979 4500 sc
999 4461 1052 4504 non
1073 4445 1270 4516 commissurum

153 4521 257 4594 diceret,
279 4535 308 4584 ut
328 4527 402 4586 iiiurn
423 4547 470 4604 pro
492 4546 522 4586 se
543 4530 607 4587 niori
629 4533 767 4603 putemur.
801 4526 883 4588 bromo
904 4532 944 4591 sio
963 4527 1086 4606 loquitur,
1107 4531 1269 4606 nubesque
