2974 5138
808 270 835 322 X

271 439 531 534 καλεομένων,
572 437 592 510 ὃ
621 431 827 534 Λεώνυμος
854 433 1129 534 Κροτωνιάταις
1154 445 1373 540 στρατηγῶν

270 551 370 650 ἐπῄει
391 560 469 638 τοῖς
491 552 670 637 ἐναντίοις
692 553 787 628 κατὰ
813 561 922 628 τοῦτο
947 549 971 651 ᾗ
993 552 1246 655 προτετάχθαι
1266 552 1374 654 σφίσι

270 671 337 748 τὸν
361 675 508 747 Αἴαντα
533 673 654 768 ἤκουε.
706 668 946 771 τιτρώσκεται
971 671 1019 767 δὴ
1039 673 1082 748 τὸ
1106 673 1268 772 στέρνον,
1294 673 1372 760 καί,

270 792 408 886 ἔκαμνε
428 787 501 892 yolo
526 789 600 864 ὑπὸ
619 797 688 864 τοῦ
708 786 932 888 τραύματος,
962 789 1116 888 ἀφίκετο
1135 794 1172 875 ἐς
1192 791 1372 890 Δελφούς.

270 903 432 983 ἐλθόντα
458 906 499 984 dd
523 908 546 1002 ἡ
566 906 704 982 Πυθία
721 903 932 1003 Λεώνυμον
957 909 1173 985 ἀπέστελλεν
1196 911 1232 992 ἐς
1256 916 1373 1003 νῆσον

268 1022 532 1120 τὴνΛεακήν,
549 1027 719 1100 ἐνταῦθα
747 1030 902 1098 ελποῦσα
923 1026 1027 1125 αὐτῷ
1048 1025 1284 1125 φανήσεσθαι
1303 1024 1374 1100 τὸν

268 1148 416 1220 Αἴαντα
430 1143 499 1218 ,καὶ
518 1144 720 1218 ἀκέσεσθαι
738 1139 781 1216 τὸ
802 1150 964 1241 τραῦμα.
995 1141 1122 1244 χρόνῳ
1141 1142 1183 1219 dd
1201 1144 1251 1228 ὡς
1263 1140 1372 1246 ὑγιά-

267 1291 337 1345 νας
366 1263 574 1356 ἐπανῆλθεν
608 1263 648 1334 εἰι
680 1267 745 1352 τῆς
775 1260 923 1354 Λευκῆς
929 1315 941 1348 ,
984 1259 1079 1337 idaia
1108 1259 1179 1358 μὲν
1210 1263 1378 1359 ἔφασκεν·

263 1381 443 1476 Ἀχιλλέα,
480 1377 581 1454 ’ἰδεῖν
610 1375 652 1453 dd·
685 1375 753 1452 τὸν
778 1376 925 1459 Ὀϊλέως
957 1377 1020 1452 καὶ
1049 1377 1117 1453 τὸν
1153 1385 1374 1476 Τελαμῶνος

267 1502 425 1585 Αἴαντα,
454 1503 620 1572 συνεῖναι
645 1493 687 1570 dd
711 1493 777 1570 καὶ
790 1489 1014 1591 Πάτροκλόν
1040 1519 1145 1595 σφισι
1168 1495 1233 1570 καὶ
1252 1494 1373 1570 Ἀντί-

267 1627 395 1712 λοχον·
430 1614 576 1708 Ἑλένην
601 1612 643 1688 dd
664 1614 818 1708 Ἀχιλλεῖ
838 1610 909 1708 μὲν
935 1620 1139 1702 συνοικεῖν,
1175 1611 1372 1713 προςεοίξαι

267 1733 312 1809 da'
325 1733 376 1808 voi
405 1729 604 1807 πλεύσαντι
633 1731 668 1811 ἐς
694 1728 839 1829 Ἱμέραν
870 1729 961 1829 πρὸς
985 1731 1221 1830 Στησίχορον
1241 1733 1373 1835 orypas-

267 1860 342 1926 λειν
359 1849 419 1933 ὠς
451 1849 475 1945 ἡ
506 1844 703 1947 διαφθορὰ
728 1855 807 1923 τῶν
840 1848 1054 1946 ὀφθαλμῶν
1086 1853 1125 1934 ἐξ
1144 1849 1285 1945 Ἑλένης
1309 1851 1374 1952 χέ-

266 1997 368 2046 νοιτο
388 1969 503 2067 ἀὐτῷ
535 1965 752 2064 μηνίματος.
811 1965 1040 2065 Στησίχορος
1065 1964 1137 2064 μὲν
1165 1966 1223 2043 ἐπὶ
1247 1965 1372 2069 τούτῳ

265 2083 582 2185 τὴνιπαλινῳιλίαν
598 2082 777 2178 ἐποίησεν.
828 2086 957 2160 Eadem
976 2087 1048 2160 lare
1066 2087 1125 2158 alii
1143 2112 1271 2184 qnoque
1290 2113 1375 2162 nar·

265 2215 352 2282 rant.
403 2206 484 2278 Alia
517 2205 577 2277 alii
608 2204 753 2302 permira
777 2203 819 2277 de
845 2203 975 2277 Helena
1006 2205 1182 2277 sommenti
1207 2216 1302 2299 sunt,
1335 2217 1374 2280 nt

266 2349 350 2422 qnae
377 2349 430 2397 nx..
447 2323 642 2396 Ptolemaeo
667 2322 926 2418 Hephaestionis
960 2323 983 2396 l.
1007 2322 1213 2396 Photinsin
1236 2323 1373 2398 Biblio-

265 2445 363 2516 theca
385 2441 458 2515 eod.
487 2438 594 2527 CXC.
620 2466 653 2537 p.
670 2437 753 2513 149.
782 2439 834 2513 ed.
857 2439 971 2515 Bekh.
996 2442 1111 2534 refert,
1138 2451 1195 2515 ant
1220 2467 1303 2539 qnae
1330 2443 1372 2516 de

264 2561 397 2637 llnlena
425 2554 629 2654 davdodstdr
661 2558 748 2655 apud
773 2558 976 2632 Pausaniam
1004 2559 1072 2630 ΠΙ.
1101 2559 1159 2634 19.
1192 2570 1226 2630 et
1249 2561 1371 2631 Aelia·

265 2691 344 2754 dnm
362 2680 402 2752 de
421 2677 466 2751 N.
483 2676 527 2750 Δ.
542 2676 610 2750 ΙΧ.
624 2676 685 2748 21.
709 2677 889 2771 leguntur..
926 2673 1118 2748 Mirabilius
1144 2675 1255 2767 otiam,
1282 2677 1371 2773 qnod

172 2777 174 2786 Ι
265 2796 379 2871 neseio
418 2795 476 2891 qni
499 2793 568 2865 *vir
607 2792 729 2866 doetus
763 2791 800 2863 in
832 2790 944 2866 Iahnii
975 2791 1156 2864 Annalium
1193 2790 1370 2891 Snpp'lem.

265 2913 384 2987 Wals
401 2938 432 2988 a.
453 2912 562 2986 1836.
590 2935 656 2984 non
679 2911 739 2981 illa
763 2908 893 3005 qnidam
915 2908 1161 2982 Useholdianae
1184 2912 1372 3008 sapientiae

266 3033 466 3124 admirator,
504 3040 614 3104 tamen
646 3028 810 3102 Helenam
844 3026 936 3098 deam
961 3025 1371 3124 Peloponnesiam·dnissa

265 3150 331 3223 sihi
352 3150 728 3248 pomeranensem
760 3144 918 3218 adhibens
943 3140 1125 3218 Miillernm
1151 3145 1187 3218 in
1212 3145 1369 3224 Doriens.

265 3268 399 3342 vol-ll.
423 3268 557 3366 p.·l’82.
584 3263 641 3362 qai
665 3262 700 3334 id
722 3287 789 3333 non
815 3261 922 3353 dixit,
959 3271 993 3336 et
1015 3260 1199 3336 lleffternm
1221 3265 1260 3336 in
1285 3266 1370 3339 lasa.

264 3385 336 3460 ΠΙ»
366 3385 406 3458 de
422 3383 654 3481 -religionihns
687 3379 914 3471 Rhodiorum,
957 3381 1014 3478 qni
1045 3382 1198 3478 virgines·
1219 3379 1372 3480 ‘Sparta-

264 3523 323 3577 τιατ
344 3527 502 3601 pompam
527 3523 595 3572 non
620 3499 840 3594 Therapnas,
866 3505 903 3570 nt
927 3497 1107 3592 niallam,
1133 3499 1191 3572 sed
1217 3499 1258 3574 ad
1278 3511 1370 3576 tem·

264 3624 355 3720 plsm
381 3621 558 3709 Illelenaa,
598 3615 683 3714 qood
710 3612 855 3711 Spartae
880 3616 1000 3708 luerit,
1040 3617 1175 3690 duxissa
1201 3619 1272 3708 ait,
1302 3643 1369 3692 nnn

264 3739 404 3833 reatinis
431 3736 590 3832 Amyclas
614 3733 700 3806 enim
728 3732 832 3824 ibant,
858 3742 895 3806 at
920 3760 964 3810 ex
981 3735 1219 3832 Xenophontis
1243 3737 1369 3832 Agesi-

263 3859 328 3930 laa'
345 3881 374 3930 ε.
390 3855 432 3946 8,
450 3856 488 3927 7.
513 3852 732 3948 intelligitnra
760 3851 982 3950 ridendosque
1006 3853 1177 3944 Maarsins
1200 3853 1235 3924 in
1258 3851 1370 3926 Gras-

262 3972 474 4064 oia=,j·leniata
506 3997 535 4044 τ.
563 3967 770 4042 Ὑακίνθια.
827 3968 875 4042 Et
904 3970 1089 4046 lleffterns-
1107 3969 1238 4068 quidem
1269 3971 1371 4046 etiamr

260 4088 476 4167 Hmrarienm
506 4088 683 4162 Achillem·
706 4086 803 4160 deam
818 4148 821 4156 .
835 4088 937 4160 luisse
965 4115 991 4160 a
1023 4087 1194 4164 Viilehero
1227 4079 1367 4187 aceepit.

262 4204 439 4290 Sidodone
454 4209 500 4281 in
519 4206 686 4299 transito,
725 4205 896 4279 miraculis
921 4207 1040 4299 hodie,
1079 4216 1116 4278 nt
1140 4207 1271 4305 longis,
1303 4231 1368 4278 ne-

261 4327 439 4416 saentihns.
466 4324 671 4422 ··lllnripidas
705 4325 800 4398 illam
825 4332 982 4422 sequutus
1015 4325 1229 4418 est-lamam,
1270 4348 1366 4421 quam

261 4442 473 4538 Herodotus,
498 4470 595 4543 (μετα
622 4444 709 4541 apud
736 4443 938 4541 Memphites
964 4443 1075 4516 lanum
1098 4443 1242 4519 Veneris
1265 4460 1365 4539 pore-⁸·
