3028 5136
204 920 702 1028 ΕΥΡΙΠΙΔΟΥ
740 923 1111 1034 ΚΥΚΛΩΨ.

518 1261 805 1278 m

483 1518 819 1593 ΣΕΙΛΗΝΟΣ.

94 1617 146 1744 Ὠ
172 1667 334 1769 Βρόμιε,
360 1665 426 1742 διὰ
452 1665 491 1742 σὲ
516 1665 677 1764 μυρίους
707 1669 780 1762 ἔχω
806 1665 945 1753 πόνους

96 1802 169 1870 νῦν
190 1793 288 1890 χῶτ’
316 1795 357 1866 ἐν
381 1791 456 1887 ἥβῃ
480 1790 623 1887 τούμὸν
647 1789 816 1867 εὐσθένει
840 1791 975 1891 δέμας·

95 1926 246 2017 πρῶτον
270 1916 342 2009 μὲν
366 1913 467 2009 ἡνίκ’
495 1915 662 2014 ἐμμανὴς
678 1915 797 2017 Ἥρας
821 1917 895 1994 ὕπο
1064 1911 1070 1918 ’

95 2039 260 2142 Νύμφας
285 2037 407 2139 ὀρείας
431 2039 591 2116 ἐκλιπών
616 2043 719 2140 η’)’χσυ
744 2039 927 2141 τροφούς·

4 2225 11 2234 .
96 2168 217 2242 ἔπειθ’
244 2165 303 2240 ὅτ’
330 2161 429 2262 ἀμφὶ
453 2173 592 2267 pauperi
614 2162 743 2261 μάχην
768 2164 880 2264 δορὸς

94 2291 251 2375 ἐνδέξιος
277 2297 332 2389 σῷ
356 2287 443 2364 nodi
467 2288 724 2388 παρασπιστὴς
747 2289 865 2394 yayuic
962 2365 966 2370 ,

88 2413 307 2518 Ἑρκέλαδσν
331 2414 435 2488 ἰτέαν
458 2413 577 2510 μέσην
601 2414 729 2489 θενὼν
756 2413 840 2513 δορὶ

93 2543 248 2615 ἔκτεινα.
300 2539 385 2640 φέρ’
413 2538 503 2628 ἴδω,
528 2539 634 2613 τοῦτ’
659 2537 755 2614 ἰδών
781 2541 874 2639 ὄναρ
902 2541 1016 2643 λέγω
1118 2543 1121 2550 ’

94 2667 139 2742 σύ
164 2662 218 2760 μὰ
245 2663 321 2751 Δί’,
349 2661 425 2740 ἐπεὶ
446 2662 510 2740 καὶ
537 2663 645 2738 σκῦλ’
673 2662 791 2748 ἔδειξα
817 2665 985 2766 Βακχίῳ.

93 2789 156 2863 καὶ
180 2795 254 2864 νῦν
278 2787 430 2863 ἐκείνων
452 2787 594 2883 μείζον’
621 2789 785 2872 ἐξαντλῶ
808 2785 937 2865 πόνον.

93 2912 169 2987 ἐπεὶ
193 2911 266 3015 γὰρ
284 2913 382 3010 Ἥρα
409 2937 466 2989 σοι
491 2913 599 3014 γένος
627 2913 861 3013 Τυρσηνικὸν

93 3045 239 3132 λῃστῶν
264 3038 441 3137 ἐνῶρσεν,
468 3037 519 3122 ὥς
542 3037 718 3132 ὁδηθείης
741 3035 907 3138 μακράν,

174 3307 206 3370 3.
250 3306 308 3365 Ios.
333 3303 465 3384 Scaliger
485 3305 664 3366 scribendum
686 3307 803 3388 putabat
824 3303 963 3384 ἐκμανείς.

174 3405 206 3466 5.
250 3404 414 3484 legebatur
434 3401 531 3468 ἔπειτά
549 3402 591 3488 γ’.
635 3405 668 3464 ld
684 3407 736 3466 Fr.
757 3405 899 3464 Fraukius
922 3403 961 3461 ita
983 3399 1135 3461 defendere
1154 3419 1204 3459 co-

91 3499 174 3546 natus
203 3499 263 3560 est,
296 3497 327 3546 ut
354 3485 386 3569 γὲ
413 3491 484 3547 cclcc
506 3489 690 3567 significaret.
735 3488 890 3547 Haathiuur
914 3485 1083 3546 scribentem
1105 3483 1202 3546 ἔπειτα

91 3566 126 3632 δ’ι
147 3571 197 3630 aiii
218 3572 330 3650 sequuti
352 3582 427 3630 sunt.
472 3570 648 3650 Praegressa
669 3571 860 3632 consideranti
882 3591 938 3630 nou
960 3570 1064 3650 poterit
1087 3567 1201 3628 dubium

91 3673 155 3714 esse
176 3655 244 3732 quin
265 3652 418 3733 Euripides
440 3650 538 3716 ἕπεσθ’
563 3652 610 3717 'u'ne
631 3656 788 3736 scripserit.

173 3755 205 3814 7.
249 3751 330 3812 Libri
350 3764 462 3813 veteres
484 3753 562 3814 ἰτέαν
582 3753 623 3825 εἰς
643 3751 732 3834 μέσην
749 3752 855 3816 θένων.
899 3753 956 3824 Εἰς
970 3751 1124 3810 Eirnsieius
1140 3769 1203 3807 sus·

90 3835 157 3892 tulit
195 3835 224 3892 iu
249 3834 333 3895 Diar.
366 3838 451 3896 eiass.
482 3838 552 3896 fasc.
582 3835 666 3897 xvi.
696 3859 725 3916 ρ.
750 3838 823 3899 431.
855 3847 885 3896 et
905 3836 941 3896 ad
963 3833 1038 3894 Oed.
1063 3832 1102 3891 R.
1126 3831 1199 3893 808.

8 3936 16 3960 ³
89 3917 260 3993 scripsitque
289 3913 388 3980 θενών
415 3921 521 3978 monitu
551 3919 723 3978 Biomiieidii
753 3921 783 3977 in
812 3922 900 3996 gloss.
931 3917 1011 3997 Sept.
1042 3913 1079 3974 ad
1107 3913 1199 3974 Theb.

88 4021 118 4058 v.
143 3999 217 4058 378.
241 3997 276 4056 de
298 4018 353 4076 quo
375 3999 447 4059 dixit
467 4000 503 4059 ad
524 4001 643 4060 Heraci.
667 4003 740 4063 272.
785 4002 876 4074 Rern,
901 4021 973 4082 quae
995 4001 1041 4060 hic
1062 3999 1200 4077 tangitur,

90 4079 195 4140 iabuiis
225 4082 357 4158 satyricis
384 4093 532 4142 tractatam
561 4101 624 4142 esse
654 4085 763 4142 monuit
782 4084 958 4144 Weickerus
984 4085 1014 4142 in
1034 4079 1202 4164 Appennino

88 4162 238 4241 Triiogiae
257 4181 286 4242 p.
305 4163 379 4224 297.
401 4183 461 4243 seq.

175 4261 229 4324 12.'
271 4261 452 4340 Hesychius:
476 4257 625 4341 ὅδηθείης.
648 4261 805 4340 ληφθείης,
819 4263 974 4341 πραθείης.
1007 4263 1112 4322 Plautio
1129 4272 1201 4320 teste

94 4341 122 4404 iu
145 4341 272 4426 Cyclope
294 4356 323 4405 et
345 4345 373 4403 in
389 4343 484 4424 Aiopa
505 4346 560 4404 hoc
581 4345 668 4404 verbo
690 4363 770 4404 usum
792 4355 912 4402 uantur
926 4343 1102 4423 Euripidem.
1147 4343 1202 4403 At-

92 4447 147 4508 que
169 4427 263 4509 Alope
285 4447 340 4510 quo
362 4448 397 4488 ue
420 4429 545 4509 satyrica
565 4429 626 4487 visa
647 4439 691 4486 cst
711 4425 890 4486 Bioruiieidio
912 4428 940 4486 in
963 4427 1050 4505 gloss.
1069 4425 1198 4504 Chceph.

92 4511 129 4571 ad
150 4531 178 4571 ν.
202 4513 277 4578 122.
299 4525 336 4573 ct·
397 4513 483 4593 ugiio
505 4513 534 4573 in
556 4512 661 4574 Diuru.
685 4510 820 4575 scholast.
843 4529 871 4570 a.
895 4512 988 4574 1831.
1012 4508 1050 4568 ll.
1075 4527 1104 4566 n.
1128 4510 1160 4570 3.

12 4651 21 4688 i
