2974 5138
795 313 860 369 XV!

275 483 416 580 ’Ἑλένης
439 479 551 587 γάμῳ
575 483 790 579 νένωται,
808 481 879 558 ’καὶ
905 480 1006 580 παρὸ
1024 482 1257 582 Ἀνακρέοντι
1275 483 1299 579 ἡ
1318 514 1386 578 με·

276 599 388 698 ποχή,
415 601 496 678 ὸὸ’
528 599 682 701 ὸψηλὸ
704 598 971 698 νἐνωμένος.
1022 601 1131 693 Quum
1151 602 1200 676 ibi
1219 604 1294 702 ipsa
1318 606 1386 678 ali-

278 732 361 821 quot
379 722 600 796 Anacreontis
628 724 726 794 rerba
754 722 954 812 alienantur,
984 718 1071 793 idem
1097 721 1221 795 lactum
1246 747 1321 796 esse
1349 724 1386 796 in

278 841 479 940 Sophocleis
509 839 670 914 credibile
701 848 772 912 est:
815 838 875 911 sed
904 837 1002 910 buius
1034 847 1143 912 utrum
1174 840 1219 912 sit
1243 837 1387 933 Ἑλένης

277 955 389 1059 γάμῳ
408 955 577 1043 νένωται,
604 982 660 1049 an,
681 955 773 1054 ¹quod
793 955 863 1028 veri
879 955 1033 1049 similius,
1050 957 1282 1053 grammaticos
1297 959 1386 1032 reri·

276 1077 402 1175 puerit,
435 1073 486 1156 (ὸς
509 1071 612 1170 παρὰ
638 1076 826 1172 Σοφοκλεῖ
854 1069 997 1166 Ἑλένης
1020 1069 1152 1174 γάμῳ,
1185 1073 1288 1149 οἷον
1311 1074 1385 1149 νέ-

277 1219 439 1279 νωται,
475 1194 616 1266 aliorum
650 1192 791 1264 fortasse
823 1190 984 1264 librorum
1016 1193 1179 1289 inspectio
1204 1194 1382 1291 aliquando

277 1312 422 1385 docebit.
472 1309 659 1406 Hesychius
692 1307 848 1382 νένωται
881 1309 1117 1406 interpretatur
1148 1309 1202 1383 ἐν
1218 1316 1276 1409 νῷ
1298 1311 1381 1405 ἐχει.

276 1431 470 1505 Athenaeus
486 1426 554 1500 Ill.
568 1453 603 1524 p.
617 1427 679 1500 76.
692 1427 740 1499 Ι).
766 1431 966 1524 Σοφοκλῆς
988 1423 1028 1500 ‹l’
1043 1427 1084 1500 ἐν
1105 1424 1246 1521 Ἑλένης
1269 1424 1383 1530 γάμῳ

276 1551 461 1643 τροπικῶς
486 1551 542 1644 τῷ
565 1551 635 1618 τοῦ
660 1541 821 1642 ὸένὸρου
846 1539 1001 1638 ὀνόματι
1032 1541 1101 1618 τὸν
1124 1543 1271 1643 καρπὸν
1296 1542 1384 1620 ἐκοί-

279 1673 381 1739 λεσεν
419 1659 552 1750 εἰπών,
604 1661 759 1736 πέπων
797 1658 963 1759 ἐρινὸς
1003 1659 1202 1761 ἀχρεῖος
1241 1660 1306 1738 oie
1337 1665 1384 1746 ἐς

277 1784 457 1881 βρῶσιν
489 1780 656 1860 ἄλλους
686 1773 967 1874 ἐξερινάζεις
1001 1782 1132 1880 λόγῳ.
1184 1779 1310 1854 πέπων
1340 1779 1381 1854 ‹l'

276 1898 398 1999 ἐρινὸς
427 1902 570 1996 εἴρηκεν
596 1893 680 1972 ἀντὶ
711 1902 779 1970 τοῦ
803 1894 919 1972 πέπον
944 1892 1078 1994 ἐρινόν.
1129 1896 1257 1974 Eodem
1282 1900 1381 1975 modo

278 2022 404 2116 scripta
440 2015 622 2114 Sophoclis
652 2017 754 2089 verba
783 2015 869 2113 opud
902 2013 1114 2089 Eustatbiom
1143 2042 1178 2113 p.
1209 2019 1319 2109 1205,
1343 2020 1381 2091 3.

278 2139 336 2237 qui
368 2136 478 2228 addit:
513 2129 765 2230 παροιμιακὸν
798 2127 839 2205 ὸέ
875 2130 967 2206 αὐτὸ
998 2131 1041 2207 τὸ
1071 2129 1217 2229 νόημα,
1249 2133 1382 2231 ὅμοιον

276 2262 332 2353 τῷ
350 2249 572 2334 ἅπαέὸειιτος
594 2247 650 2324 ὢν
668 2255 747 2331 πῶς
767 2245 816 2323 dv
836 2249 981 2346 ἐτέρους
1005 2247 1249 2334 παιὸεύσιιας.
1278 2254 1383 2328 Prio-

277 2399 348 2448 rem
373 2395 502 2446 versum
528 2368 686 2465 Scaliger
702 2369 739 2439 in
759 2367 909 2442 versibus
928 2371 1191 2468 proverbialibus
1212 2371 1300 2447 803.
1324 2375 1382 2448 iu·

276 2493 366 2568 serto
391 2493 579 2569 παντελῶς
609 2486 804 2584 integravit3
846 2486 1018 2562 Porsonus
1045 2497 1151 2563 autem
1177 2490 1212 2562 in
1237 2491 1383 2568 Advers.

276 2638 311 2709 p.
333 2608 392 2684 59.
429 2607 618 2680 coniecerat
648 2602 776 2678 πέπων
804 2602 845 2677 ‹l’
871 2601 991 2703 ἐρινὸς
1022 2605 1072 2685 ὣς
1099 2606 1244 2700 ἀχρεῖος
1268 2607 1384 2692 αὐτὸς

276 2727 351 2802 dire
390 2749 468 2797 mam
499 2719 540 2794 δ’
567 2722 749 2794 deteriores
778 2721 860 2790 libri
886 2720 974 2816 apud
999 2721 1207 2794 Aoenaeum
1244 2723 1382 2808 addunt.

275 2845 394 2922 Satius
419 2848 491 2914 eret
516 2835 732 2927 adreddere,
762 2860 831 2908 non
854 2844 1052 2911 metuentem
1077 2839 1242 2934 numerio,
1271 2843 1381 2918 inter·

276 2963 454 3062 punctione
467 2956 608 3055 primum
620 2952 738 3052 pedem
753 2978 774 3025 a
788 2955 1019 3052 superstitibus
1034 2955 1143 3030 verbis
1161 2970 1354 3056 reparante:

622 3102 750 3178 πέπων
774 3101 894 3202 ἐρινὸς
916 3102 968 3187 ὣς
990 3102 1134 3202 ἀχρεῖος
1158 3103 1214 3184 (ὸν

414 3251 416 3258 ·
453 3223 489 3305 ἐς
508 3221 658 3322 Ιβρῶσιν
664 3275 677 3310 ,
710 3223 844 3303 ἄλλους
868 3220 1082 3320 ἐξερινάζεις
1106 3220 1216 3328 λόγῳ.

274 3375 331 3448 Ex
362 3375 415 3446 bis
442 3374 636 3472 fragmentis
660 3375 724 3448 etsi
749 3400 816 3449 uon
840 3383 933 3473 patet
964 3400 1046 3474 quas
1071 3376 1379 3477 Helenaenuptias

274 3477 388 3567 labule
412 3493 478 3564 ista
503 3492 722 3585 continuerit,
760 3502 891 3588 tameo,
930 3494 1084 3591 quoniam
1109 3497 1252 3592 satyrica
1275 3496 1379 3572 luisse

274 3611 424 3706 videtur,
445 3609 481 3681 in
505 3608 590 3701 illis,
615 3610 733 3710 quibus
757 3607 857 3684 Paris
883 3635 955 3684 eam
977 3612 1043 3683 sibi
1061 3612 1097 3684 in
1118 3611 1227 3684 insula
1250 3613 1290 3686 ab
1314 3639 1379 3700 no·

274 3729 362 3802 mine
389 3727 461 3800 eius
482 3735 599 3800 uocata
620 3727 750 3822 iunxit,
782 3726 1007 3802 describendis
1032 3737 1194 3804 versatam
1214 3755 1287 3804 esse
1308 3735 1379 3805 veri

275 3832 387 3924 simile
409 3854 473 3919 est.
846 3843 849 3854 ’

280 4063 286 4072 .
372 3992 514 4088 Ἑλένης
539 3989 735 4088 ἀπαίτησις
765 4005 873 4070 utrum
900 4000 942 4072 ad
972 4001 1202 4098 repetitionem
1226 3998 1378 4076 Helenae

275 4115 317 4190 eb
333 4112 526 4206 Troianis,
564 4121 739 4210 postquam
763 4125 953 4213 expugnata
978 4127 1051 4192 erat
1075 4118 1172 4209 urbs,
1205 4117 1378 4214 pertinue-

274 4233 332 4324 rit,
358 4255 404 4322 au-
420 4229 608 4330 Sopboeles
628 4256 758 4329 quoque
773 4232 967 4308 Menelaum
986 4259 1053 4310 nou
1070 4236 1236 4309 iuuentam
1249 4234 1377 4309 Troiae

272 4347 436 4440 Helenam
463 4348 499 4422 in
529 4351 684 4448 Aegypto
716 4375 738 4422 a
765 4349 891 4423 Proteo
921 4359 1124 4449 repetentem
1149 4353 1287 4450 lecerit,
1316 4378 1378 4450 per

272 4466 458 4564 fragmenta
482 4467 669 4566 ambiguum
694 4467 801 4541 videri
828 4475 950 4567 potest.
979 4469 1224 4545 ·Dirimeretur
1247 4491 1288 4542 ea
1312 4469 1377 4542 du·
