<?xml version="1.0" encoding="UTF-8"?>
<!DOCTYPE html PUBLIC "-//W3C//DTD XHTML 1.0 Transitional//EN"
    "http://www.w3.org/TR/xhtml1/DTD/xhtml1-transitional.dtd">
<html xmlns="http://www.w3.org/1999/xhtml" xml:lang="en" lang="en">
 <head>
  <title>
</title>
<meta http-equiv="Content-Type" content="text/html;charset=utf-8" />
  <meta name='ocr-system' content='tesseract 3.04.00' />
  <meta name='ocr-capabilities' content='ocr_page ocr_carea ocr_par ocr_line ocrx_word'/>
</head>
<body>
  <div class='ocr_page' id='page_1' title='image "./euripidistragoe09eurigoog/euripidistragoe09eurigoog_0439.png"; bbox 0 0 3026 5134; ppageno 0'>
   <div class='ocr_carea' id='block_1_1' title="bbox 817 379 878 429">
    <p class='ocr_par' dir='ltr' id='par_1_1' title="bbox 817 379 878 429">
     <span class='ocr_line' id='line_1_1' title="bbox 817 379 878 429; baseline -0.016 0"><span class='ocrx_word' id='word_1_1' title='bbox 817 379 878 429; x_wconf 78' lang='lat' dir='ltr'><strong>XV!</strong></span> 
     </span>
    </p>
   </div>
   <div class='ocr_carea' id='block_1_2' title="bbox 177 554 1484 4564">
    <p class='ocr_par' dir='ltr' id='par_1_2' title="bbox 177 554 1484 3300">
     <span class='ocr_line' id='line_1_2' title="bbox 290 554 1410 653; baseline -0.013 -16"><span class='ocrx_word' id='word_1_2' title='bbox 290 565 380 638; x_wconf 82' lang='lat' dir='ltr'><strong>nisse</strong></span> <span class='ocrx_word' id='word_1_3' title='bbox 413 561 507 653; x_wconf 92' lang='lat' dir='ltr'><strong>dicit,</strong></span> <span class='ocrx_word' id='word_1_4' title='bbox 540 559 784 633; x_wconf 81' lang='lat' dir='ltr'><strong>festinationem</strong></span> <span class='ocrx_word' id='word_1_5' title='bbox 818 563 916 652; x_wconf 86' lang='lat' dir='ltr'><strong>atque</strong></span> <span class='ocrx_word' id='word_1_6' title='bbox 952 555 1094 627; x_wconf 88' lang='lat' dir='ltr'><strong>animum</strong></span> <span class='ocrx_word' id='word_1_7' title='bbox 1128 554 1241 651; x_wconf 88' lang='lat' dir='ltr'><strong>prodit</strong></span> <span class='ocrx_word' id='word_1_8' title='bbox 1272 575 1292 624; x_wconf 87' lang='lat' dir='ltr'><strong>a</strong></span> <span class='ocrx_word' id='word_1_9' title='bbox 1326 575 1410 650; x_wconf 88' lang='lat' dir='ltr'><strong>paca</strong></span> 
     </span>
     <span class='ocr_line' id='line_1_3' title="bbox 292 679 1412 783; baseline -0.009 -23"><span class='ocrx_word' id='word_1_10' title='bbox 292 685 442 760; x_wconf 84' lang='lat' dir='ltr'><strong>iacienda</strong></span> <span class='ocrx_word' id='word_1_11' title='bbox 466 685 567 783; x_wconf 85' lang='lat' dir='ltr'><strong>longe</strong></span> <span class='ocrx_word' id='word_1_12' title='bbox 593 685 747 757; x_wconf 85' lang='lat' dir='ltr'><strong>alianum.</strong></span> <span class='ocrx_word' id='word_1_13' title='bbox 789 681 895 756; x_wconf 87' lang='lat' dir='ltr'><strong>Gravi</strong></span> <span class='ocrx_word' id='word_1_14' title='bbox 922 689 956 754; x_wconf 90' lang='lat' dir='ltr'><strong>et</strong></span> <span class='ocrx_word' id='word_1_15' title='bbox 979 679 1135 778; x_wconf 82' lang='lat' dir='ltr'><strong>prudenti</strong></span> <span class='ocrx_word' id='word_1_16' title='bbox 1162 680 1313 753; x_wconf 85' lang='lat' dir='ltr'><strong>oratione</strong></span> <span class='ocrx_word' id='word_1_17' title='bbox 1341 703 1412 750; x_wconf 88' lang='lat' dir='ltr'><strong>ma-</strong></span> 
     </span>
     <span class='ocr_line' id='line_1_4' title="bbox 290 806 1412 902; baseline -0.011 -14"><span class='ocrx_word' id='word_1_18' title='bbox 290 822 343 888; x_wconf 86' lang='lat' dir='ltr'><strong>ter</strong></span> <span class='ocrx_word' id='word_1_19' title='bbox 367 813 458 884; x_wconf 83' lang='lat' dir='ltr'><strong>lilios</strong></span> <span class='ocrx_word' id='word_1_20' title='bbox 484 811 648 902; x_wconf 83' lang='lat' dir='ltr'><strong>admonet,</strong></span> <span class='ocrx_word' id='word_1_21' title='bbox 676 818 712 883; x_wconf 90' lang='lat' dir='ltr'><strong>ut</strong></span> <span class='ocrx_word' id='word_1_22' title='bbox 728 811 821 882; x_wconf 86' lang='lat' dir='ltr'><strong>ambo</strong></span> <span class='ocrx_word' id='word_1_23' title='bbox 838 831 987 882; x_wconf 90' lang='lat' dir='ltr'><strong>caussam</strong></span> <span class='ocrx_word' id='word_1_24' title='bbox 1005 830 1097 879; x_wconf 85' lang='lat' dir='ltr'><strong>auam</strong></span> <span class='ocrx_word' id='word_1_25' title='bbox 1113 813 1221 897; x_wconf 89' lang='lat' dir='ltr'><strong>crant,</strong></span> <span class='ocrx_word' id='word_1_26' title='bbox 1244 806 1412 902; x_wconf 90' lang='lat' dir='ltr'><strong>priorem-</strong></span> 
     </span>
     <span class='ocr_line' id='line_1_5' title="bbox 292 932 1412 1037; baseline -0.007 -27"><span class='ocrx_word' id='word_1_27' title='bbox 292 964 355 1037; x_wconf 81' lang='lat' dir='ltr'><strong>que</strong></span> <span class='ocrx_word' id='word_1_28' title='bbox 381 938 492 1010; x_wconf 83' lang='lat' dir='ltr'><strong>dicere</strong></span> <span class='ocrx_word' id='word_1_29' title='bbox 517 936 700 1032; x_wconf 77' lang='lat' dir='ltr'><strong>Polynicen</strong></span> <span class='ocrx_word' id='word_1_30' title='bbox 725 936 830 1026; x_wconf 88' lang='lat' dir='ltr'><strong>iubet,</strong></span> <span class='ocrx_word' id='word_1_31' title='bbox 855 943 893 1006; x_wconf 89' lang='lat' dir='ltr'><strong>ut</strong></span> <span class='ocrx_word' id='word_1_32' title='bbox 919 935 975 1030; x_wconf 83' lang='lat' dir='ltr'><strong>qui</strong></span> <span class='ocrx_word' id='word_1_33' title='bbox 1001 957 1037 1006; x_wconf 88' lang='lat' dir='ltr'><strong>sa</strong></span> <span class='ocrx_word' id='word_1_34' title='bbox 1070 932 1196 1006; x_wconf 85' lang='lat' dir='ltr'><strong>laesum</strong></span> <span class='ocrx_word' id='word_1_35' title='bbox 1220 955 1294 1004; x_wconf 88' lang='lat' dir='ltr'><strong>esse</strong></span> <span class='ocrx_word' id='word_1_36' title='bbox 1328 957 1412 1028; x_wconf 85' lang='lat' dir='ltr'><strong>que·</strong></span> 
     </span>
     <span class='ocr_line' id='line_1_6' title="bbox 222 1051 1412 1159; baseline -0.01 -20"><span class='ocrx_word' id='word_1_37' title='bbox 222 1051 228 1063; x_wconf 49' lang='lat'><strong>⁴</strong></span> <span class='ocrx_word' id='word_1_38' title='bbox 292 1073 397 1138; x_wconf 87' lang='lat' dir='ltr'><strong>ratur.</strong></span> <span class='ocrx_word' id='word_1_39' title='bbox 449 1063 516 1154; x_wconf 78' lang='lat' dir='ltr'><strong>Qui</strong></span> <span class='ocrx_word' id='word_1_40' title='bbox 541 1069 714 1159; x_wconf 87' lang='lat' dir='ltr'><strong>postquam</strong></span> <span class='ocrx_word' id='word_1_41' title='bbox 741 1062 937 1158; x_wconf 89' lang='lat' dir='ltr'><strong>simpliciter</strong></span> <span class='ocrx_word' id='word_1_42' title='bbox 962 1068 996 1132; x_wconf 89' lang='lat' dir='ltr'><strong>et</strong></span> <span class='ocrx_word' id='word_1_43' title='bbox 1020 1060 1173 1130; x_wconf 85' lang='lat' dir='ltr'><strong>iniuriam</strong></span> <span class='ocrx_word' id='word_1_44' title='bbox 1200 1058 1265 1130; x_wconf 83' lang='lat' dir='ltr'><strong>sibi</strong></span> <span class='ocrx_word' id='word_1_45' title='bbox 1289 1058 1412 1130; x_wconf 85' lang='lat' dir='ltr'><strong>iactam</strong></span> 
     </span>
     <span class='ocr_line' id='line_1_7' title="bbox 293 1180 1414 1285; baseline -0.009 -22"><span class='ocrx_word' id='word_1_46' title='bbox 293 1200 328 1263; x_wconf 89' lang='lat' dir='ltr'><strong>ct</strong></span> <span class='ocrx_word' id='word_1_47' title='bbox 350 1191 404 1261; x_wconf 87' lang='lat' dir='ltr'><strong>ius</strong></span> <span class='ocrx_word' id='word_1_48' title='bbox 430 1186 518 1285; x_wconf 90' lang='lat' dir='ltr'><strong>quod</strong></span> <span class='ocrx_word' id='word_1_49' title='bbox 543 1194 673 1284; x_wconf 87' lang='lat' dir='ltr'><strong>repetat</strong></span> <span class='ocrx_word' id='word_1_50' title='bbox 698 1188 866 1284; x_wconf 80' lang='lat' dir='ltr'><strong>exposuit,</strong></span> <span class='ocrx_word' id='word_1_51' title='bbox 893 1185 1053 1258; x_wconf 85' lang='lat' dir='ltr'><strong>Eteocles</strong></span> <span class='ocrx_word' id='word_1_52' title='bbox 1079 1186 1179 1256; x_wconf 87' lang='lat' dir='ltr'><strong>verba</strong></span> <span class='ocrx_word' id='word_1_53' title='bbox 1203 1184 1296 1257; x_wconf 81' lang='lat' dir='ltr'><strong>iacit.</strong></span> <span class='ocrx_word' id='word_1_54' title='bbox 1324 1180 1414 1256; x_wconf 86' lang='lat' dir='ltr'><strong>Earn</strong></span> 
     </span>
     <span class='ocr_line' id='line_1_8' title="bbox 293 1303 1455 1413; baseline -0.007 -25"><span class='ocrx_word' id='word_1_55' title='bbox 293 1325 331 1389; x_wconf 90' lang='lat' dir='ltr'><strong>ut</strong></span> <span class='ocrx_word' id='word_1_56' title='bbox 353 1316 537 1413; x_wconf 91' lang='lat' dir='ltr'><strong>improbum</strong></span> <span class='ocrx_word' id='word_1_57' title='bbox 551 1313 676 1385; x_wconf 82' lang='lat' dir='ltr'><strong>faceret</strong></span> <span class='ocrx_word' id='word_1_58' title='bbox 692 1311 887 1410; x_wconf 84' lang='lat' dir='ltr'><strong>Euripides,</strong></span> <span class='ocrx_word' id='word_1_59' title='bbox 906 1313 1025 1384; x_wconf 86' lang='lat' dir='ltr'><strong>iustam</strong></span> <span class='ocrx_word' id='word_1_60' title='bbox 1051 1337 1130 1384; x_wconf 86' lang='lat' dir='ltr'><strong>sane</strong></span> <span class='ocrx_word' id='word_1_61' title='bbox 1149 1303 1298 1384; x_wconf 82' lang='lat' dir='ltr'><strong>caussam</strong></span> <span class='ocrx_word' id='word_1_62' title='bbox 1313 1333 1415 1408; x_wconf 90' lang='lat' dir='ltr'><strong>prac-</strong></span> <span class='ocrx_word' id='word_1_63' title='bbox 1453 1323 1455 1330; x_wconf 62' lang='lat'><strong>⁴</strong></span> 
     </span>
     <span class='ocr_line' id='line_1_9' title="bbox 294 1437 1415 1537; baseline -0.006 -22"><span class='ocrx_word' id='word_1_64' title='bbox 294 1444 392 1515; x_wconf 80' lang='lat' dir='ltr'><strong>babet</strong></span> <span class='ocrx_word' id='word_1_65' title='bbox 417 1465 553 1537; x_wconf 85' lang='lat' dir='ltr'><strong>regnum</strong></span> <span class='ocrx_word' id='word_1_66' title='bbox 579 1439 676 1512; x_wconf 85' lang='lat' dir='ltr'><strong>fratri</strong></span> <span class='ocrx_word' id='word_1_67' title='bbox 699 1465 767 1512; x_wconf 90' lang='lat' dir='ltr'><strong>non</strong></span> <span class='ocrx_word' id='word_1_68' title='bbox 792 1439 967 1526; x_wconf 73' lang='lat' dir='ltr'><strong>traditumr</strong></span> <span class='ocrx_word' id='word_1_69' title='bbox 994 1437 1054 1510; x_wconf 89' lang='lat' dir='ltr'><strong>sed</strong></span> <span class='ocrx_word' id='word_1_70' title='bbox 1080 1437 1167 1534; x_wconf 86' lang='lat' dir='ltr'><strong>quod</strong></span> <span class='ocrx_word' id='word_1_71' title='bbox 1192 1437 1227 1509; x_wconf 92' lang='lat' dir='ltr'><strong>id</strong></span> <span class='ocrx_word' id='word_1_72' title='bbox 1254 1438 1287 1510; x_wconf 93' lang='lat' dir='ltr'><strong>ei</strong></span> <span class='ocrx_word' id='word_1_73' title='bbox 1312 1438 1415 1534; x_wconf 85' lang='lat' dir='ltr'><strong>inge-</strong></span> 
     </span>
     <span class='ocr_line' id='line_1_10' title="bbox 294 1564 1416 1664; baseline -0.008 -22"><span class='ocrx_word' id='word_1_74' title='bbox 294 1571 383 1648; x_wconf 86' lang='lat' dir='ltr'><strong>nium</strong></span> <span class='ocrx_word' id='word_1_75' title='bbox 418 1591 549 1664; x_wconf 84' lang='lat' dir='ltr'><strong>eosque·</strong></span> <span class='ocrx_word' id='word_1_76' title='bbox 569 1589 677 1638; x_wconf 87' lang='lat' dir='ltr'><strong>mores</strong></span> <span class='ocrx_word' id='word_1_77' title='bbox 703 1567 831 1656; x_wconf 83' lang='lat' dir='ltr'><strong>tribuit,</strong></span> <span class='ocrx_word' id='word_1_78' title='bbox 860 1589 943 1662; x_wconf 88' lang='lat' dir='ltr'><strong>quos</strong></span> <span class='ocrx_word' id='word_1_79' title='bbox 970 1572 1179 1636; x_wconf 82' lang='lat' dir='ltr'><strong>contemnere</strong></span> <span class='ocrx_word' id='word_1_80' title='bbox 1205 1573 1304 1661; x_wconf 86' lang='lat' dir='ltr'><strong>atque</strong></span> <span class='ocrx_word' id='word_1_81' title='bbox 1334 1564 1416 1634; x_wconf 84' lang='lat' dir='ltr'><strong>obo-</strong></span> 
     </span>
     <span class='ocr_line' id='line_1_11' title="bbox 295 1689 1417 1788; baseline -0.007 -21"><span class='ocrx_word' id='word_1_82' title='bbox 295 1695 413 1767; x_wconf 87' lang='lat' dir='ltr'><strong>minori</strong></span> <span class='ocrx_word' id='word_1_83' title='bbox 440 1693 628 1784; x_wconf 85' lang='lat' dir='ltr'><strong>debeamus,</strong></span> <span class='ocrx_word' id='word_1_84' title='bbox 655 1717 720 1764; x_wconf 93' lang='lat' dir='ltr'><strong>non</strong></span> <span class='ocrx_word' id='word_1_85' title='bbox 748 1693 878 1764; x_wconf 91' lang='lat' dir='ltr'><strong>ridetur</strong></span> <span class='ocrx_word' id='word_1_86' title='bbox 903 1691 1057 1762; x_wconf 84' lang='lat' dir='ltr'><strong>excusari</strong></span> <span class='ocrx_word' id='word_1_87' title='bbox 1083 1709 1195 1788; x_wconf 85' lang='lat' dir='ltr'><strong>posse.</strong></span> <span class='ocrx_word' id='word_1_88' title='bbox 1246 1689 1284 1762; x_wconf 85' lang='lat' dir='ltr'><strong>Is</strong></span> <span class='ocrx_word' id='word_1_89' title='bbox 1310 1691 1417 1786; x_wconf 78' lang='lat' dir='ltr'><strong>igitur</strong></span> 
     </span>
     <span class='ocr_line' id='line_1_12' title="bbox 269 1817 1417 1919; baseline -0.004 -26"><span class='ocrx_word' id='word_1_90' title='bbox 269 1820 575 1919; x_wconf 78' lang='lat' dir='ltr'><strong>¹impudentissime</strong></span> <span class='ocrx_word' id='word_1_91' title='bbox 601 1819 778 1915; x_wconf 84' lang='lat' dir='ltr'><strong>profitetur</strong></span> <span class='ocrx_word' id='word_1_92' title='bbox 812 1843 848 1890; x_wconf 86' lang='lat' dir='ltr'><strong>se</strong></span> <span class='ocrx_word' id='word_1_93' title='bbox 881 1818 1041 1889; x_wconf 84' lang='lat' dir='ltr'><strong>iustitiam</strong></span> <span class='ocrx_word' id='word_1_94' title='bbox 1076 1817 1293 1890; x_wconf 83' lang='lat' dir='ltr'><strong>dominationi</strong></span> <span class='ocrx_word' id='word_1_95' title='bbox 1320 1823 1417 1914; x_wconf 88' lang='lat' dir='ltr'><strong>post-</strong></span> 
     </span>
     <span class='ocr_line' id='line_1_13' title="bbox 293 1943 1417 2040; baseline -0.003 -22"><span class='ocrx_word' id='word_1_96' title='bbox 293 1949 433 2018; x_wconf 76' lang='lat' dir='ltr'><strong>babcrer</strong></span> <span class='ocrx_word' id='word_1_97' title='bbox 459 1945 543 2016; x_wconf 84' lang='lat' dir='ltr'><strong>iliud</strong></span> <span class='ocrx_word' id='word_1_98' title='bbox 570 1953 691 2036; x_wconf 86' lang='lat' dir='ltr'><strong>autern,</strong></span> <span class='ocrx_word' id='word_1_99' title='bbox 718 1943 804 2040; x_wconf 88' lang='lat' dir='ltr'><strong>quod</strong></span> <span class='ocrx_word' id='word_1_100' title='bbox 832 1944 941 2039; x_wconf 88' lang='lat' dir='ltr'><strong>aliqua</strong></span> <span class='ocrx_word' id='word_1_101' title='bbox 968 1969 1041 2015; x_wconf 90' lang='lat' dir='ltr'><strong>curn</strong></span> <span class='ocrx_word' id='word_1_102' title='bbox 1067 1944 1179 2040; x_wconf 86' lang='lat' dir='ltr'><strong>specie</strong></span> <span class='ocrx_word' id='word_1_103' title='bbox 1205 1945 1326 2016; x_wconf 82' lang='lat' dir='ltr'><strong>afferre</strong></span> <span class='ocrx_word' id='word_1_104' title='bbox 1354 1966 1417 2039; x_wconf 90' lang='lat' dir='ltr'><strong>pc-</strong></span> 
     </span>
     <span class='ocr_line' id='line_1_14' title="bbox 295 2069 1484 2168; baseline -0.005 -24"><span class='ocrx_word' id='word_1_105' title='bbox 295 2079 395 2163; x_wconf 87' lang='lat' dir='ltr'><strong>tcrat,</strong></span> <span class='ocrx_word' id='word_1_106' title='bbox 438 2071 535 2168; x_wconf 84' lang='lat' dir='ltr'><strong>quod.</strong></span> <span class='ocrx_word' id='word_1_107' title='bbox 560 2071 594 2140; x_wconf 84' lang='lat' dir='ltr'><strong>ri</strong></span> <span class='ocrx_word' id='word_1_108' title='bbox 633 2079 732 2166; x_wconf 82' lang='lat' dir='ltr'><strong>atque</strong></span> <span class='ocrx_word' id='word_1_109' title='bbox 771 2069 889 2141; x_wconf 85' lang='lat' dir='ltr'><strong>alienis</strong></span> <span class='ocrx_word' id='word_1_110' title='bbox 929 2071 1029 2142; x_wconf 87' lang='lat' dir='ltr'><strong>armis</strong></span> <span class='ocrx_word' id='word_1_111' title='bbox 1067 2093 1204 2166; x_wconf 85' lang='lat' dir='ltr'><strong>regnum</strong></span> <span class='ocrx_word' id='word_1_112' title='bbox 1237 2070 1414 2166; x_wconf 87' lang='lat' dir='ltr'><strong>repetitum</strong></span> <span class='ocrx_word' id='word_1_113' title='bbox 1483 2123 1484 2150; x_wconf 62' lang='lat'><strong>,</strong></span> 
     </span>
     <span class='ocr_line' id='line_1_15' title="bbox 286 2175 1415 2302; baseline -0.004 -34"><span class='ocrx_word' id='word_1_114' title='bbox 286 2198 442 2302; x_wconf 20' lang='lat' dir='ltr'><strong>‘venisset</strong></span> <span class='ocrx_word' id='word_1_115' title='bbox 466 2197 582 2288; x_wconf 81' lang='lat' dir='ltr'><strong>irater,</strong></span> <span class='ocrx_word' id='word_1_116' title='bbox 607 2198 700 2292; x_wconf 86' lang='lat' dir='ltr'><strong>quasi</strong></span> <span class='ocrx_word' id='word_1_117' title='bbox 717 2175 957 2293; x_wconf 89' lang='lat' dir='ltr'><strong>praetereundo</strong></span> <span class='ocrx_word' id='word_1_118' title='bbox 984 2205 1229 2289; x_wconf 81' lang='lat' dir='ltr'><strong>commemorat,</strong></span> <span class='ocrx_word' id='word_1_119' title='bbox 1244 2195 1415 2293; x_wconf 79' lang='lat' dir='ltr'><strong>indignum</strong></span> 
     </span>
     <span class='ocr_line' id='line_1_16' title="bbox 297 2321 1414 2418; baseline -0.004 -23"><span class='ocrx_word' id='word_1_120' title='bbox 297 2347 371 2396; x_wconf 86' lang='lat' dir='ltr'><strong>esse</strong></span> <span class='ocrx_word' id='word_1_121' title='bbox 398 2321 570 2414; x_wconf 87' lang='lat' dir='ltr'><strong>adiiciens,</strong></span> <span class='ocrx_word' id='word_1_122' title='bbox 598 2323 629 2394; x_wconf 87' lang='lat' dir='ltr'><strong>si</strong></span> <span class='ocrx_word' id='word_1_123' title='bbox 655 2322 810 2394; x_wconf 89' lang='lat' dir='ltr'><strong>Tbebani</strong></span> <span class='ocrx_word' id='word_1_124' title='bbox 842 2323 942 2394; x_wconf 87' lang='lat' dir='ltr'><strong>armis</strong></span> <span class='ocrx_word' id='word_1_125' title='bbox 969 2323 1125 2396; x_wconf 87' lang='lat' dir='ltr'><strong>cederent</strong></span> <span class='ocrx_word' id='word_1_126' title='bbox 1149 2323 1414 2418; x_wconf 80' lang='lat' dir='ltr'><strong>Mycenensium.</strong></span> 
     </span>
     <span class='ocr_line' id='line_1_17' title="bbox 296 2448 1416 2546; baseline -0.002 -26"><span class='ocrx_word' id='word_1_127' title='bbox 296 2448 397 2522; x_wconf 85' lang='lat' dir='ltr'><strong>Hunc</strong></span> <span class='ocrx_word' id='word_1_128' title='bbox 421 2449 509 2545; x_wconf 86' lang='lat' dir='ltr'><strong>quod</strong></span> <span class='ocrx_word' id='word_1_129' title='bbox 535 2456 641 2532; x_wconf 83' lang='lat' dir='ltr'><strong>mater</strong></span> <span class='ocrx_word' id='word_1_130' title='bbox 667 2472 765 2544; x_wconf 88' lang='lat' dir='ltr'><strong>quum</strong></span> <span class='ocrx_word' id='word_1_131' title='bbox 791 2449 919 2536; x_wconf 80' lang='lat' dir='ltr'><strong>refutat</strong></span> <span class='ocrx_word' id='word_1_132' title='bbox 938 2474 1004 2521; x_wconf 93' lang='lat' dir='ltr'><strong>non</strong></span> <span class='ocrx_word' id='word_1_133' title='bbox 1026 2451 1160 2546; x_wconf 83' lang='lat' dir='ltr'><strong>gravius</strong></span> <span class='ocrx_word' id='word_1_134' title='bbox 1176 2450 1343 2545; x_wconf 87' lang='lat' dir='ltr'><strong>increpat,</strong></span> <span class='ocrx_word' id='word_1_135' title='bbox 1358 2448 1416 2519; x_wconf 93' lang='lat' dir='ltr'><strong>de·</strong></span> 
     </span>
     <span class='ocr_line' id='line_1_18' title="bbox 297 2574 1414 2672; baseline -0.003 -26"><span class='ocrx_word' id='word_1_136' title='bbox 297 2575 390 2648; x_wconf 87' lang='lat' dir='ltr'><strong>iendi</strong></span> <span class='ocrx_word' id='word_1_137' title='bbox 413 2583 526 2672; x_wconf 88' lang='lat' dir='ltr'><strong>potest</strong></span> <span class='ocrx_word' id='word_1_138' title='bbox 550 2598 604 2666; x_wconf 89' lang='lat' dir='ltr'><strong>eo,</strong></span> <span class='ocrx_word' id='word_1_139' title='bbox 638 2574 725 2671; x_wconf 89' lang='lat' dir='ltr'><strong>quod</strong></span> <span class='ocrx_word' id='word_1_140' title='bbox 752 2575 931 2647; x_wconf 87' lang='lat' dir='ltr'><strong>carendum</strong></span> <span class='ocrx_word' id='word_1_141' title='bbox 958 2576 990 2647; x_wconf 89' lang='lat' dir='ltr'><strong>ei</strong></span> <span class='ocrx_word' id='word_1_142' title='bbox 1016 2584 1133 2649; x_wconf 89' lang='lat' dir='ltr'><strong>estne</strong></span> <span class='ocrx_word' id='word_1_143' title='bbox 1159 2575 1317 2649; x_wconf 82' lang='lat' dir='ltr'><strong>ferociam</strong></span> <span class='ocrx_word' id='word_1_144' title='bbox 1346 2576 1414 2646; x_wconf 85' lang='lat' dir='ltr'><strong>eius</strong></span> 
     </span>
     <span class='ocr_line' id='line_1_19' title="bbox 297 2699 1416 2776; baseline -0.003 -2"><span class='ocrx_word' id='word_1_145' title='bbox 297 2703 398 2774; x_wconf 88' lang='lat' dir='ltr'><strong>etiam</strong></span> <span class='ocrx_word' id='word_1_146' title='bbox 430 2701 679 2774; x_wconf 75' lang='lat' dir='ltr'><strong>obstinationem</strong></span> <span class='ocrx_word' id='word_1_147' title='bbox 706 2700 836 2773; x_wconf 85' lang='lat' dir='ltr'><strong>reddat.</strong></span> <span class='ocrx_word' id='word_1_148' title='bbox 887 2699 993 2773; x_wconf 89' lang='lat' dir='ltr'><strong>Venit</strong></span> <span class='ocrx_word' id='word_1_149' title='bbox 1017 2725 1072 2774; x_wconf 88' lang='lat' dir='ltr'><strong>ras</strong></span> <span class='ocrx_word' id='word_1_150' title='bbox 1099 2701 1218 2775; x_wconf 89' lang='lat' dir='ltr'><strong>deinde</strong></span> <span class='ocrx_word' id='word_1_151' title='bbox 1244 2701 1286 2772; x_wconf 86' lang='lat' dir='ltr'><strong>ad</strong></span> <span class='ocrx_word' id='word_1_152' title='bbox 1312 2704 1416 2776; x_wconf 88' lang='lat' dir='ltr'><strong>alter-</strong></span> 
     </span>
     <span class='ocr_line' id='line_1_20' title="bbox 297 2803 1483 2934; baseline -0.006 -32"><span class='ocrx_word' id='word_1_153' title='bbox 297 2829 462 2902; x_wconf 86' lang='lat' dir='ltr'><strong>cationem</strong></span> <span class='ocrx_word' id='word_1_154' title='bbox 486 2829 574 2898; x_wconf 87' lang='lat' dir='ltr'><strong>inter</strong></span> <span class='ocrx_word' id='word_1_155' title='bbox 598 2829 691 2922; x_wconf 87' lang='lat' dir='ltr'><strong>ipsos</strong></span> <span class='ocrx_word' id='word_1_156' title='bbox 717 2827 849 2915; x_wconf 81' lang='lat' dir='ltr'><strong>iratres,</strong></span> <span class='ocrx_word' id='word_1_157' title='bbox 878 2803 968 2923; x_wconf 76' lang='lat' dir='ltr'><strong>qnam¹</strong></span> <span class='ocrx_word' id='word_1_158' title='bbox 987 2828 1122 2924; x_wconf 81' lang='lat' dir='ltr'><strong>egregie</strong></span> <span class='ocrx_word' id='word_1_159' title='bbox 1139 2838 1237 2924; x_wconf 86' lang='lat' dir='ltr'><strong>atquc</strong></span> <span class='ocrx_word' id='word_1_160' title='bbox 1257 2829 1306 2901; x_wconf 79' lang='lat' dir='ltr'><strong>ita</strong></span> <span class='ocrx_word' id='word_1_161' title='bbox 1327 2829 1415 2900; x_wconf 83' lang='lat' dir='ltr'><strong>facta</strong></span> <span class='ocrx_word' id='word_1_162' title='bbox 1482 2879 1483 2934; x_wconf 68' lang='lat' dir='ltr'><strong>p</strong></span> 
     </span>
     <span class='ocr_line' id='line_1_21' title="bbox 298 2951 1414 3051; baseline -0.001 -27"><span class='ocrx_word' id='word_1_163' title='bbox 298 2962 363 3045; x_wconf 88' lang='lat' dir='ltr'><strong>cst,</strong></span> <span class='ocrx_word' id='word_1_164' title='bbox 390 2961 428 3024; x_wconf 87' lang='lat' dir='ltr'><strong>ut</strong></span> <span class='ocrx_word' id='word_1_165' title='bbox 452 2952 563 3024; x_wconf 80' lang='lat' dir='ltr'><strong>farere</strong></span> <span class='ocrx_word' id='word_1_166' title='bbox 588 2951 754 3048; x_wconf 82' lang='lat' dir='ltr'><strong>Polynici,</strong></span> <span class='ocrx_word' id='word_1_167' title='bbox 781 2953 943 3049; x_wconf 89' lang='lat' dir='ltr'><strong>simulque</strong></span> <span class='ocrx_word' id='word_1_168' title='bbox 971 2955 1121 3026; x_wconf 87' lang='lat' dir='ltr'><strong>misereri</strong></span> <span class='ocrx_word' id='word_1_169' title='bbox 1146 2956 1217 3026; x_wconf 88' lang='lat' dir='ltr'><strong>eins</strong></span> <span class='ocrx_word' id='word_1_170' title='bbox 1244 2977 1414 3051; x_wconf 82' lang='lat' dir='ltr'><strong>cogamur,</strong></span> 
     </span>
     <span class='ocr_line' id='line_1_22' title="bbox 299 3078 1415 3176; baseline 0.006 -26"><span class='ocrx_word' id='word_1_171' title='bbox 299 3078 340 3151; x_wconf 93' lang='lat' dir='ltr'><strong>de</strong></span> <span class='ocrx_word' id='word_1_172' title='bbox 366 3087 507 3175; x_wconf 89' lang='lat' dir='ltr'><strong>utroque</strong></span> <span class='ocrx_word' id='word_1_173' title='bbox 533 3086 642 3150; x_wconf 86' lang='lat' dir='ltr'><strong>autern</strong></span> <span class='ocrx_word' id='word_1_174' title='bbox 668 3087 826 3170; x_wconf 90' lang='lat' dir='ltr'><strong>metuere,</strong></span> <span class='ocrx_word' id='word_1_175' title='bbox 855 3079 943 3176; x_wconf 86' lang='lat' dir='ltr'><strong>quod</strong></span> <span class='ocrx_word' id='word_1_176' title='bbox 969 3080 1063 3154; x_wconf 86' lang='lat' dir='ltr'><strong>ambo</strong></span> <span class='ocrx_word' id='word_1_177' title='bbox 1090 3106 1127 3154; x_wconf 89' lang='lat' dir='ltr'><strong>sc</strong></span> <span class='ocrx_word' id='word_1_178' title='bbox 1153 3079 1346 3153; x_wconf 84' lang='lat' dir='ltr'><strong>mortiferis·</strong></span> <span class='ocrx_word' id='word_1_179' title='bbox 1361 3103 1415 3157; x_wconf 82' lang='lat' dir='ltr'><strong>ar·</strong></span> 
     </span>
     <span class='ocr_line' id='line_1_23' title="bbox 177 3205 827 3300; baseline 0.003 -24"><span class='ocrx_word' id='word_1_180' title='bbox 177 3277 181 3286; x_wconf 69' lang='grc'><strong>,</strong></span> <span class='ocrx_word' id='word_1_181' title='bbox 296 3205 360 3278; x_wconf 83' lang='lat' dir='ltr'><strong>mio</strong></span> <span class='ocrx_word' id='word_1_182' title='bbox 386 3229 624 3300; x_wconf 78' lang='lat' dir='ltr'><strong>congressuros</strong></span> <span class='ocrx_word' id='word_1_183' title='bbox 650 3205 827 3279; x_wconf 84' lang='lat' dir='ltr'><strong>minentur.</strong></span> 
     </span>
    </p>

    <p class='ocr_par' dir='ltr' id='par_1_3' title="bbox 299 3309 1414 4315">
     <span class='ocr_line' id='line_1_24' title="bbox 402 3309 1413 3430; baseline 0.005 -31"><span class='ocrx_word' id='word_1_184' title='bbox 402 3331 490 3421; x_wconf 76' lang='lat' dir='ltr'><strong>Quid</strong></span> <span class='ocrx_word' id='word_1_185' title='bbox 525 3332 590 3403; x_wconf 91' lang='lat' dir='ltr'><strong>iarn</strong></span> <span class='ocrx_word' id='word_1_186' title='bbox 615 3332 721 3428; x_wconf 86' lang='lat' dir='ltr'><strong>magis</strong></span> <span class='ocrx_word' id='word_1_187' title='bbox 750 3309 1003 3405; x_wconf 87' lang='lat' dir='ltr'><strong>consentaneum</strong></span> <span class='ocrx_word' id='word_1_188' title='bbox 1029 3341 1114 3425; x_wconf 89' lang='lat' dir='ltr'><strong>erat,</strong></span> <span class='ocrx_word' id='word_1_189' title='bbox 1142 3358 1237 3430; x_wconf 88' lang='lat' dir='ltr'><strong>quam</strong></span> <span class='ocrx_word' id='word_1_190' title='bbox 1265 3336 1413 3422; x_wconf 89' lang='lat' dir='ltr'><strong>cborum,</strong></span> 
     </span>
     <span class='ocr_line' id='line_1_25' title="bbox 299 3457 1413 3556; baseline 0 -28"><span class='ocrx_word' id='word_1_191' title='bbox 299 3463 418 3528; x_wconf 86' lang='lat' dir='ltr'><strong>testem</strong></span> <span class='ocrx_word' id='word_1_192' title='bbox 451 3463 517 3527; x_wconf 87' lang='lat' dir='ltr'><strong>tarn</strong></span> <span class='ocrx_word' id='word_1_193' title='bbox 550 3458 675 3530; x_wconf 86' lang='lat' dir='ltr'><strong>atrocis</strong></span> <span class='ocrx_word' id='word_1_194' title='bbox 701 3459 926 3531; x_wconf 82' lang='lat' dir='ltr'><strong>altercationis</strong></span> <span class='ocrx_word' id='word_1_195' title='bbox 953 3457 1181 3556; x_wconf 78' lang='lat' dir='ltr'><strong>ridentemque</strong></span> <span class='ocrx_word' id='word_1_196' title='bbox 1208 3461 1413 3537; x_wconf 85' lang='lat' dir='ltr'><strong>discedentes</strong></span> 
     </span>
     <span class='ocr_line' id='line_1_26' title="bbox 299 3581 1414 3684; baseline 0.004 -32"><span class='ocrx_word' id='word_1_197' title='bbox 299 3581 342 3652; x_wconf 90' lang='lat' dir='ltr'><strong>ad</strong></span> <span class='ocrx_word' id='word_1_198' title='bbox 367 3588 509 3652; x_wconf 82' lang='lat' dir='ltr'><strong>mutuam</strong></span> <span class='ocrx_word' id='word_1_199' title='bbox 536 3607 649 3656; x_wconf 87' lang='lat' dir='ltr'><strong>necem</strong></span> <span class='ocrx_word' id='word_1_200' title='bbox 675 3583 808 3674; x_wconf 76' lang='lat' dir='ltr'><strong>fratrae,</strong></span> <span class='ocrx_word' id='word_1_201' title='bbox 834 3593 922 3655; x_wconf 87' lang='lat' dir='ltr'><strong>metu</strong></span> <span class='ocrx_word' id='word_1_202' title='bbox 949 3591 984 3655; x_wconf 84' lang='lat' dir='ltr'><strong>ct</strong></span> <span class='ocrx_word' id='word_1_203' title='bbox 1009 3585 1148 3658; x_wconf 91' lang='lat' dir='ltr'><strong>borrore</strong></span> <span class='ocrx_word' id='word_1_204' title='bbox 1174 3587 1310 3684; x_wconf 83' lang='lat' dir='ltr'><strong>corripi,</strong></span> <span class='ocrx_word' id='word_1_205' title='bbox 1336 3610 1414 3684; x_wconf 83' lang='lat' dir='ltr'><strong>gra·</strong></span> 
     </span>
     <span class='ocr_line' id='line_1_27' title="bbox 300 3707 1413 3812; baseline 0.004 -35"><span class='ocrx_word' id='word_1_206' title='bbox 300 3707 501 3803; x_wconf 83' lang='lat' dir='ltr'><strong>vissimoque</strong></span> <span class='ocrx_word' id='word_1_207' title='bbox 536 3709 680 3780; x_wconf 87' lang='lat' dir='ltr'><strong>carmine</strong></span> <span class='ocrx_word' id='word_1_208' title='bbox 707 3708 867 3780; x_wconf 85' lang='lat' dir='ltr'><strong>detestari</strong></span> <span class='ocrx_word' id='word_1_209' title='bbox 892 3718 958 3781; x_wconf 89' lang='lat' dir='ltr'><strong>tam</strong></span> <span class='ocrx_word' id='word_1_210' title='bbox 984 3713 1145 3786; x_wconf 86' lang='lat' dir='ltr'><strong>scelestos</strong></span> <span class='ocrx_word' id='word_1_211' title='bbox 1171 3719 1270 3810; x_wconf 86' lang='lat' dir='ltr'><strong>atque</strong></span> <span class='ocrx_word' id='word_1_212' title='bbox 1296 3715 1413 3812; x_wconf 88' lang='lat' dir='ltr'><strong>impios</strong></span> 
     </span>
     <span class='ocr_line' id='line_1_28' title="bbox 301 3829 1413 3938; baseline 0.003 -32"><span class='ocrx_word' id='word_1_213' title='bbox 301 3829 469 3907; x_wconf 80' lang='lat' dir='ltr'><strong>conatus?</strong></span> <span class='ocrx_word' id='word_1_214' title='bbox 519 3831 613 3904; x_wconf 89' lang='lat' dir='ltr'><strong>Nibil</strong></span> <span class='ocrx_word' id='word_1_215' title='bbox 646 3834 765 3904; x_wconf 83' lang='lat' dir='ltr'><strong>minus.</strong></span> <span class='ocrx_word' id='word_1_216' title='bbox 818 3833 918 3906; x_wconf 84' lang='lat' dir='ltr'><strong>Ganit</strong></span> <span class='ocrx_word' id='word_1_217' title='bbox 949 3836 1008 3908; x_wconf 86' lang='lat' dir='ltr'><strong>ilie</strong></span> <span class='ocrx_word' id='word_1_218' title='bbox 1044 3838 1223 3912; x_wconf 86' lang='lat' dir='ltr'><strong>lenissimis</strong></span> <span class='ocrx_word' id='word_1_219' title='bbox 1249 3849 1284 3913; x_wconf 89' lang='lat' dir='ltr'><strong>et</strong></span> <span class='ocrx_word' id='word_1_220' title='bbox 1307 3837 1413 3938; x_wconf 88' lang='lat' dir='ltr'><strong>placi·</strong></span> 
     </span>
     <span class='ocr_line' id='line_1_29' title="bbox 301 3955 1413 4054; baseline 0.004 -24"><span class='ocrx_word' id='word_1_221' title='bbox 301 3958 445 4030; x_wconf 84' lang='lat' dir='ltr'><strong>dissimis</strong></span> <span class='ocrx_word' id='word_1_222' title='bbox 478 3955 643 4050; x_wconf 85' lang='lat' dir='ltr'><strong>numeris,</strong></span> <span class='ocrx_word' id='word_1_223' title='bbox 686 3960 849 4054; x_wconf 90' lang='lat' dir='ltr'><strong>quomodo</strong></span> <span class='ocrx_word' id='word_1_224' title='bbox 883 3959 1026 4035; x_wconf 87' lang='lat' dir='ltr'><strong>Cadmus</strong></span> <span class='ocrx_word' id='word_1_225' title='bbox 1060 3963 1197 4037; x_wconf 84' lang='lat' dir='ltr'><strong>Thebas</strong></span> <span class='ocrx_word' id='word_1_226' title='bbox 1230 3965 1413 4040; x_wconf 87' lang='lat' dir='ltr'><strong>condiderit</strong></span> 
     </span>
     <span class='ocr_line' id='line_1_30' title="bbox 299 4081 1413 4187; baseline 0.009 -33"><span class='ocrx_word' id='word_1_227' title='bbox 299 4084 335 4154; x_wconf 92' lang='lat' dir='ltr'><strong>in</strong></span> <span class='ocrx_word' id='word_1_228' title='bbox 368 4081 599 4156; x_wconf 84' lang='lat' dir='ltr'><strong>amoenissima</strong></span> <span class='ocrx_word' id='word_1_229' title='bbox 628 4083 785 4180; x_wconf 81' lang='lat' dir='ltr'><strong>regione,</strong></span> <span class='ocrx_word' id='word_1_230' title='bbox 817 4088 852 4158; x_wconf 91' lang='lat' dir='ltr'><strong>in</strong></span> <span class='ocrx_word' id='word_1_231' title='bbox 885 4111 951 4185; x_wconf 84' lang='lat' dir='ltr'><strong>qao</strong></span> <span class='ocrx_word' id='word_1_232' title='bbox 974 4098 1071 4162; x_wconf 86' lang='lat' dir='ltr'><strong>natus</strong></span> <span class='ocrx_word' id='word_1_233' title='bbox 1095 4091 1141 4164; x_wconf 87' lang='lat' dir='ltr'><strong>sit</strong></span> <span class='ocrx_word' id='word_1_234' title='bbox 1165 4092 1332 4187; x_wconf 85' lang='lat' dir='ltr'><strong>Bacebus,</strong></span> <span class='ocrx_word' id='word_1_235' title='bbox 1358 4117 1413 4166; x_wconf 89' lang='lat' dir='ltr'><strong>ce·</strong></span> 
     </span>
     <span class='ocr_line' id='line_1_31' title="bbox 300 4208 1413 4315; baseline 0.01 -35"><span class='ocrx_word' id='word_1_236' title='bbox 300 4208 533 4304; x_wconf 85' lang='lat' dir='ltr'><strong>lebrenturque</strong></span> <span class='ocrx_word' id='word_1_237' title='bbox 564 4209 746 4282; x_wconf 86' lang='lat' dir='ltr'><strong>laetissima</strong></span> <span class='ocrx_word' id='word_1_238' title='bbox 782 4213 853 4285; x_wconf 87' lang='lat' dir='ltr'><strong>eius</strong></span> <span class='ocrx_word' id='word_1_239' title='bbox 879 4212 933 4287; x_wconf 89' lang='lat' dir='ltr'><strong>dei</strong></span> <span class='ocrx_word' id='word_1_240' title='bbox 958 4240 1071 4306; x_wconf 81' lang='lat' dir='ltr'><strong>sacra3</strong></span> <span class='ocrx_word' id='word_1_241' title='bbox 1106 4217 1269 4315; x_wconf 87' lang='lat' dir='ltr'><strong>quomodo</strong></span> <span class='ocrx_word' id='word_1_242' title='bbox 1297 4220 1413 4293; x_wconf 89' lang='lat' dir='ltr'><strong>dracu-</strong></span> 
     </span>
    </p>

    <p class='ocr_par' dir='ltr' id='par_1_4' title="bbox 197 4333 1412 4564">
     <span class='ocr_line' id='line_1_32' title="bbox 197 4333 1411 4444; baseline 0.012 -42"><span class='ocrx_word' id='word_1_243' title='bbox 197 4351 200 4358; x_wconf 85' lang='lat'>·</span> <span class='ocrx_word' id='word_1_244' title='bbox 302 4333 604 4406; x_wconf 86' lang='lat' dir='ltr'><strong>nem-interemerit</strong></span> <span class='ocrx_word' id='word_1_245' title='bbox 629 4336 761 4432; x_wconf 86' lang='lat' dir='ltr'><strong>natique</strong></span> <span class='ocrx_word' id='word_1_246' title='bbox 788 4363 832 4412; x_wconf 84' lang='lat' dir='ltr'><strong>ex</strong></span> <span class='ocrx_word' id='word_1_247' title='bbox 857 4340 928 4413; x_wconf 90' lang='lat' dir='ltr'><strong>eius</strong></span> <span class='ocrx_word' id='word_1_248' title='bbox 955 4340 1106 4417; x_wconf 88' lang='lat' dir='ltr'><strong>dentibus</strong></span> <span class='ocrx_word' id='word_1_249' title='bbox 1121 4345 1237 4418; x_wconf 84' lang='lat' dir='ltr'><strong>armati</strong></span> <span class='ocrx_word' id='word_1_250' title='bbox 1253 4347 1316 4417; x_wconf 91' lang='lat' dir='ltr'><strong>riri</strong></span> <span class='ocrx_word' id='word_1_251' title='bbox 1339 4368 1411 4444; x_wconf 89' lang='lat' dir='ltr'><strong>per·</strong></span> 
     </span>
     <span class='ocr_line' id='line_1_33' title="bbox 300 4459 1412 4564; baseline 0.015 -37"><span class='ocrx_word' id='word_1_252' title='bbox 300 4459 419 4545; x_wconf 84' lang='lat' dir='ltr'><strong>ierint3</strong></span> <span class='ocrx_word' id='word_1_253' title='bbox 444 4467 612 4553; x_wconf 86' lang='lat' dir='ltr'><strong>postremo</strong></span> <span class='ocrx_word' id='word_1_254' title='bbox 645 4460 821 4562; x_wconf 86' lang='lat' dir='ltr'><strong>Epaphum</strong></span> <span class='ocrx_word' id='word_1_255' title='bbox 848 4477 940 4564; x_wconf 84' lang='lat' dir='ltr'><strong>orat,</strong></span> <span class='ocrx_word' id='word_1_256' title='bbox 966 4472 996 4542; x_wconf 90' lang='lat' dir='ltr'><strong>is</strong></span> <span class='ocrx_word' id='word_1_257' title='bbox 1021 4478 1060 4543; x_wconf 89' lang='lat' dir='ltr'><strong>ot</strong></span> <span class='ocrx_word' id='word_1_258' title='bbox 1084 4465 1240 4544; x_wconf 80' lang='lat' dir='ltr'><strong>Cererem</strong></span> <span class='ocrx_word' id='word_1_259' title='bbox 1267 4481 1302 4544; x_wconf 86' lang='lat' dir='ltr'><strong>et</strong></span> <span class='ocrx_word' id='word_1_260' title='bbox 1327 4471 1412 4544; x_wconf 90' lang='lat' dir='ltr'><strong>Pro·</strong></span> 
     </span>
    </p>
   </div>
   <div class='ocr_carea' id='block_1_3' title="bbox 0 0 1528 5134">
    <p class='ocr_par' dir='ltr' id='par_1_5' title="bbox 0 0 1528 5134">
     <span class='ocr_line' id='line_1_34' title="bbox 0 0 1528 5134; baseline 0 0"><span class='ocrx_word' id='word_1_261' title='bbox 0 0 1528 5134; x_wconf 95' lang='lat' dir='ltr'><strong> </strong></span> 
     </span>
    </p>
   </div>
  </div>
 </body>
</html>
