2974 5138
768 266 830 320 Vlll

245 431 355 506 Callia
377 435 547 508 archonte.
597 432 653 507 Ad
678 435 751 510 eius
774 437 908 511 fabulae
930 463 960 509 ι.
977 437 1038 510 53.
1068 437 1221 510 observat
1248 438 1362 510 solo·
1420 441 1469 529 ,luo

244 551 359 624 liastes
394 562 510 626 octavo
543 560 618 626 ante
648 578 734 628 anno
769 564 875 629 actam
905 579 977 629 csse
1008 555 1266 628 Andromedam.
1313 554 1359 628 Is
1423 557 1469 638 τις.

244 693 322 744 vero
348 679 399 743 est
425 670 485 744 01.
502 668 602 744 XCI.
615 668 653 745 h.
678 697 742 769 quo
771 673 896 745 archon
920 672 984 743 luit
999 669 1199 746 Cleocritus.
1249 673 1357 745 Anno
1383 669 1386 673 ’
1422 679 1469 750 ild

243 796 341 886 post,
366 786 428 862 01.
442 787 561 862 XCII.
578 792 613 863 1.
639 789 797 863 archonte
823 787 934 862 Callia
959 797 1054 864 actae
1078 799 1155 862 sunt
1181 791 1358 866 Thesmo—
1424 797 1469 870 ldd

244 905 476 1004 phoriazusae,
499 908 573 1005 ipso
598 907 633 978 in
659 931 700 980 ea
719 906 834 980 fabula
848 914 934 981 testa
951 909 1177 1007 Aristophane
1192 933 1223 982 ι.
1239 908 1359 982 1060.
1428 943 1469 990 ιιι

246 1034 449 1124 quapropter
469 1049 542 1098 eam
566 1050 597 1096 v.
615 1025 702 1098 850.
721 1020 790 1117 τὴν
814 1021 949 1118 καινὴν
959 1022 1104 1119 Ἑλένην
1127 1034 1237 1119 vocat,
1263 1026 1358 1125 quod
1427 1037 1469 1111 ild

246 1153 337 1217 reete
368 1145 604 1240 interpretatur
641 1141 837 1216 scholiastes
867 1136 1037 1243 ὑπόγοον
1067 1140 1356 1246 ὃεὸιδαγμὲνην.
1429 1182 1469 1234 ιη

246 1260 415 1333 Mirabilis
435 1258 625 1333 Welckeri
663 1259 844 1358 exphcatio
874 1268 925 1332 est
958 1261 994 1334 iu
1021 1260 1132 1333 Iahnii
1163 1262 1359 1336 Annalibus
1432 1291 1469 1352 μ]

248 1379 314 1452 vol.
329 1378 398 1452 lX.
414 1377 525 1452 1829.
547 1378 631 1452 fasc.
649 1379 686 1452 3.
703 1404 737 1477 p.
754 1377 842 1452 278.
857 1402 927 1476 seq.
963 1379 1221 1477 Apertissimurn
1240 1407 1284 1456 ex
1299 1381 1358 1455 his
1433 1399 1466 1474 ἠ

247 1504 300 1570 est
331 1506 438 1570 actam
471 1521 545 1570 esse
575 1495 740 1570 Helenam
774 1494 835 1570 Ol.
860 1493 960 1570 XCI.
985 1495 1023 1570 4.
1056 1497 1215 1572 archonte
1249 1497 1360 1573 Cleo·
1437 1518 1469 1595 og.

248 1613 346 1688 crito.
397 1611 616 1686 Errantem
604 1639 640 1686 m
674 1615 877 1713 temporibus
899 1613 1128 1712 Musgravium
1159 1617 1329 1691 notavit
1316 1641 1359 1690 ur
1440 1637 1469 1714 lp

248 1730 361 1804 Fastis
387 1730 573 1805 Hellenicis
600 1729 796 1807 Clintonus.
1360 1793 1362 1798 .
1444 1760 1469 1834 p¹

348 1849 587 1947 Argumentum
620 1850 811 1948 tragoediae
844 1851 976 1924 ductum
1006 1851 1137 1926 videtur
1159 1852 1280 1950 partim
1310 1876 1358 1925 ex
1441 1873 1458 1944 γ

250 1968 510 2041 celebratissima
531 1968 701 2066 palinodia
716 1967 936 2062 Stesichori,
962 1968 1003 2042 de
1026 1993 1092 2068 qua
1107 1968 1252 2042 omnium
1272 1993 1359 2066 prc-
1392 2005 1395 2012 ·
1444 2024 1455 2067 1!

249 2085 412 2159 lixissime
425 2086 606 2184 disputavit
618 2086 822 2160 Wclehcrns
833 2087 869 2161 in
882 2086 992 2159 Iahnii
1002 2087 1189 2160 Annalibus
1206 2086 1273 2160 vol.
1286 2085 1360 2160 IX.
1468 2151 1469 2158 ,

251 2229 284 2276 ο.
305 2199 521 2278 1829.1οιο.
542 2206 577 2277 3.
602 2229 637 2302 p.
654 2206 742 2279 267.
764 2230 856 2304 seqq.
881 2206 1003 2304 partim
1034 2229 1078 2278 ex
1110 2204 1177 2297 iis,
1210 2227 1294 2300 quae
1318 2228 1359 2277 se
1450 2233 1452 2239 ⁴

251 2324 293 2393 alr
315 2321 541 2396 sacerdotibus
555 2321 732 2422 Aegyptiis
748 2325 917 2422 accepisse
937 2323 1086 2396 narravit
1101 2320 1291 2398 Herodotus
1305 2320 1358 2395 Π.
1458 2359 1469 2432 ³.

252 2464 283 2514 ο.
300 2441 387 2514 112.
404 2465 496 2539 seqq.
538 2439 627 2515 Nam
646 2467 764 2540 parum
782 2441 990 2516 considerate
1008 2440 1144 2538 scripsit
1160 2438 1365 2514 Valckena·.
1433 2485 1469 2542 ,ο

251 2558 322 2630 n'us
348 2558 390 2632 ad
415 2585 447 2633 c.
463 2560 549 2634 116.
579 2561 768 2638 Helenum
792 2562 990 2662 ammaon
1015 2559 1188 2653 legerat,
1214 2557 1359 2656 m'sal-
1452 2606 1462 2648 r·

252 2671 333 2771 λον,
367 2677 605 2764 Herodotus.
660 2677 804 2760 Putassc
836 2677 987 2770 ridetur,
1018 2674 1245 2768 Herodotum,
1271 2675 1360 2773 quod
1452 2725 1462 2772 ζ.

251 2795 586 2893 legisset-Euripidis
611 2795 833 2892 tragoediam,
863 2820 908 2869 cx
932 2791 1160 2869 sacerdotibus
1183 2794 1361 2892 Aegyptiis
1457 2835 1469 2885 .‘

254 2912 332 3010 quid
357 2913 428 2986 reri
453 2921 540 2988 esset
563 2914 599 2985 in
627 2914 688 2985 illa
710 2913 824 2986 fabula
849 2937 921 2986 esse
945 2911 1163 2986 sciscitatum.
1212 2909 1262 2984 At
1286 2911 1361 3008 quis
1455 2943 1461 2999 ς

254 3032 354 3106 facile
381 3029 495 3123 credat
512 3030 739 3126 Herodotum,
761 3033 818 3131 qui
838 3039 936 3104 natus
959 3038 1010 3104 est
1031 3027 1168 3127 Olymp.
1184 3027 1362 3104 LXXIV.

256 3152 292 3224 1.
322 3151 421 3223 tertio
439 3201 441 3210 ·
458 3150 576 3222 aetatis
608 3159 687 3249 post
716 3150 993 3249 septuagesimum
1018 3173 1104 3221 anuo
1136 3148 1202 3220 iter
1220 3144 1304 3218 illud
1324 3147 1360 3220 iu

254 3268 442 3366 Aegyptum
463 3267 612 3342 fecisse?
654 3265 806 3343 Facilius
825 3266 1006 3367 Euripides
1030 3271 1187 3364 sequutus
1211 3262 1363 3338 rideatur
1467 3309 1468 3316 ι

255 3384 474 3460 Herodotum.
1462 3459 1469 3496 a

331 3503 387 3578 Dc
406 3503 595 3579 Stesichori
620 3507 812 3581 narratione
837 3505 932 3579 valde
947 3503 1137 3600 discrepant
1156 3495 1362 3574 testimoniare

257 3621 324 3716 sed
342 3647 426 3720 qnae
442 3621 507 3695 fide
522 3621 623 3720 digna
638 3623 717 3716 sint,
743 3649 797 3699 res
813 3625 888 3723 ipsa
906 3621 1031 3721 prodit.
1080 3617 1181 3691 Plato
1200 3614 1362 3690 inPhae·
1461 3677 1469 3714 p

257 3739 317 3813 dro
342 3767 378 3839 p.
396 3736 483 3816 2113.
496 3743 543 3816 A.
585 3743 662 3818 ἔστι
683 3740 725 3817 δὲ
747 3747 824 3824 τοῖς
849 3733 1111 3838 ἁμαρτάνουσι
1132 3731 1215 3832 περὶ
1238 3731 1361 3830 prvde-
1463 3789 1467 3807 .

258 3855 388 3959 λογίαν
402 3858 608 3958 Ικαθαρμὸς
629 3860 798 3960 ἀρχαῖος,
826 3858 871 3934 ὃν
881 3857 1045 3955 Ὅμηρος
1061 3849 1136 3950 μὲν
1158 3850 1228 3926 οὐκ
1249 3849 1361 3946 ἥσθὸ·
1463 3905 1465 3922 =

258 4003 322 4064 το,
348 3975 579 4077 Στησίχορος
600 3977 653 4053 de‘.
692 3985 772 4053 τῶν
789 3974 862 4080 γὰρ
884 3971 1067 4073 ὀμμάτων
1086 3964 1276 4066 στερηθεὶς
1299 3962 1361 4042 (1ιᾶ
1468 4027 1469 4060 ι

259 4091 329 4186 τὴν
341 4093 483 4191 Ἑλένης
498 4093 740 4198 κακηγορίαν,
766 4095 836 4170 οὐκ
851 4088 1045 4195 ἠγνόησεν,
1064 4087 1181 4184 ὥςπερ
1188 4084 1360 4183 Ὅμηρος,

261 4209 351 4298 ἀλλ’,
379 4209 443 4284 ἅττ
463 4213 641 4309 μουσικὸς
661 4213 737 4302 ὤν,
762 4215 858 4315 ἔγνω
872 4209 942 4304 τὴν
955 4205 1091 4294 αἰτίαν,
1113 4201 1178 4278 καὶ
1191 4206 1290 4278 ποιοῖ
1306 4200 1361 4274 οὐ·
1467 4231 1469 4298 g

261 4323 352 4411 aas·
388 4328 471 4403 οὐκ
496 4331 579 4405 ἔστ’Ι
602 4333 770 4428 ἔτυμος
793 4323 927 4430 λόγος
949 4321 1102 4411 οὗτος,
1132 4319 1232 4398 cdd’
1259 4317 1361 4414 ἔβας
1468 4353 1469 4368 ’

263 4448 309 4521 ἐν
343 4446 509 4542 νηυσὶν
548 4447 842 4544 ἐϋσσέλμοιο,
885 4442 986 4520 odd'
1019 4444 1117 4517 λκιο
1156 4437 1363 4539 πέργαμα
1468 4475 1469 4482 1
