3022 5140
789 286 836 356 12

258 472 416 568 Δελφῶν
441 467 527 542 κατ’
555 465 662 552 αίαν,
690 467 786 541 ἔνθα
809 464 930 564 Λοξίᾳ
955 464 1065 561 δίκην
1134 515 1137 521 -

258 591 392 668 δίδωσι
415 590 570 690 μανίας,
597 589 637 674 ὅς
661 591 747 665 ποτ’
774 593 810 674 ἐς
834 589 964 666 Πυθώ
987 590 1115 687 μολὼν

256 718 366 813 ᾔτησε
392 718 538 814 Φοῖβον
563 713 702 814 πατρὸς
727 711 772 789 οὗ
794 714 945 792 ’κτίνειν
969 714 1090 810 δίκην,
1198 751 1202 756 “

258 845 292 915 εί
313 869 391 925 πως
414 840 461 915 τοὶ
487 837 631 940 πρόσθε
652 837 844 940 σφάλματ’
871 841 1126 938 ἐξαιτούμενος

209 966 351 1056 ὁδθεὸν
376 963 595 1066 παράσχοιτ’
622 967 658 1048 ἐς
682 964 725 1040 τὸ
750 964 878 1042 λοιπὸν
903 967 1048 1066 εὐμενῆ.

625 1171 993 1242 ΘΕΡΛΠΛΙΝΛ.

255 1321 432 1408 δέσποιν’,
459 1317 531 1422 c'yw'
556 1350 613 1394 τοι
638 1323 792 1420 τοῦνομ’
820 1323 865 1397 οὐ
889 1320 1016 1425 φειίμω
1041 1319 1126 1396 τόδε

343 1622 395 1686 52.
438 1623 506 1683 Ald.
531 1635 561 1683 et
588 1626 696 1704 aliquot
725 1589 853 1684 codd
839 1621 975 1705 ηντότῖ
1025 1626 1086 1685 Alii
1113 1621 1195 1683 codd.
1218 1633 1247 1680 et
1273 1621 1357 1681 Lase.

253 1702 291 1784 ἦν
306 1701 383 1768 ποτ’.
413 1705 526 1766 Deinde
542 1707 611 1767 Par.
629 1709 668 1768 A.
687 1709 784 1768 Guelf.
803 1710 882 1768 Viet.
901 1708 970 1768 Aid.
987 1704 1106 1790 πατρὸς,
1129 1697 1164 1772 οὗ
1181 1706 1251 1767 τινει
1265 1705 1359 1784 daupu

253 1789 641 1868 Fragm.A1uhros.Lase.
670 1787 794 1895 πατρὸς
805 1815 840 1854 ον
828 1782 979 1866 ’κτείνει,
1010 1793 1101 1872 δίκην.
1151 1789 1247 1891 Atque
1276 1789 1359 1847 etiarn

129 1917 132 1922 .
252 1871 322 1932 Par.
346 1873 383 1932 B.
406 1872 444 1932 E.
476 1873 555 1932 Flor.
574 1876 606 1937 2.
630 1875 724 1934 Havu.
757 1866 794 1936 οὗ
820 1876 931 1937 κτείνει.
975 1875 1054 1936 Flor.
1078 1878 1118 1934 A.
1135 1875 1186 1937 10.
1210 1894 1246 1932 ov
1234 1863 1360 1933 τείνει.

253 1955 333 2015 Flor.
358 1956 409 2019 15
433 1946 470 2017 οὗ
488 1953 596 2018 ’κτίνεα
618 1954 717 2016 Ρεο”
697 1982 736 2037 ην
756 1958 890 2017 Reiskius
912 1971 942 2017 et
961 1959 1142 2037 Musgravius
1164 1955 1279 2015 scribi
1272 1974 1361 2013 russe-

253 2050 320 2098 runt
339 2028 363 2137 ᾖ
381 2041 542 2119 recepitque
564 2041 736 2113 Bruuekius‚
761 2041 835 2120 quod
857 2043 956 2100 mirum
981 2053 1024 2100 cst
1046 2063 1093 2122 qur
1086 2040 1248 2099 'Matthiae
1265 2036 1361 2096 dicere

253 2124 377 2220 potuerit
397 2142 427 2182 se
449 2144 505 2182 uon
527 2122 623 2184 videre
645 2124 784 2203 quomodo
806 2127 897 2184 locum
920 2126 1024 2186 hahere
1047 2126 1144 2204 possit.
1175 2121 1253 2226 lpse
1274 2121 1362 2199 igitur

253 2206 294 2263 sic
318 2207 451 2310 scripsit·
481 2206 556 2268 ἔνθα
576 2209 673 2292 Λοξία
693 2208 778 2310 δίκην
798 2208 899 2270 δίδωσι
920 2208 1040 2288 μανίας,
1060 2205 1100 2288 ἦν
1119 2229 1174 2269 ποτ
1175 2201 1239 2277 ’ἐς
1260 2200 1360 2266 Παθτί

252 2282 349 2388 μοίφν
375 2286 462 2395 ᾔτησε
493 2291 604 2389 Φοῖβον
629 2287 753 2396 πατρός·
783 2282 819 2353 οὗ
836 2287 937 2354 ’κτίνει
957 2293 1057 2395 δίκην,
1085 2289 1173 2363 είιτοες
1192 2284 1228 2350 τὰ
1248 2283 1361 2368 πρόσθε

252 2367 396 2452 σφάλματ’
421 2369 618 2452 ἐξαιτούμενος
638 2370 714 2437 θεὸν
733 2371 899 2456 παράσχοιτ’
924 2371 1002 2480 ἐρ’
974 2399 1007 2438 το
1028 2369 1130 2437 λοιπὸν
1152 2368 1265 2451 εὐμενῆ.
1300 2369 1360 2430 Ηο

252 2475 315 2514 rum
336 2457 432 2535 priora
453 2478 509 2516 nou
531 2458 676 2536 intelligo,
707 2457 777 2518 illud
798 2470 910 2531 autem,
934 2449 971 2520 οὗ
988 2455 1088 2521 ’κτίνει
1109 2458 1179 2517 nihii
1200 2453 1277 2515 aliud
1298 2474 1360 2514 csse

252 2537 354 2612 video,
386 2560 468 2620 quam
499 2540 658 2620 quodiam
687 2539 791 2603 dietum
821 2554 884 2602 erat
912 2543 973 2614 his,
1005 2542 1090 2622 δίκην
1118 2539 1220 2603 δίδωσι
1234 2539 1359 2642 μανίας.

252 2621 381 2702 Recepta
402 2635 494 2683 tamen
516 2635 582 2683 suut
603 2627 658 2684 ista
678 2625 714 2684 ah
734 2623 893 2685 Diudorfiis
914 2637 944 2684 et
964 2626 1118 2698 aBothio,
1142 2625 1190 2704 qui
1212 2611 1263 2696 οὗ,
1286 2621 1361 2701 quod

252 2704 392 2766 Matthiae
413 2709 498 2767 ίαίιιτ
518 2727 562 2767 νει
577 2708 795 2788 interpretatur,
820 2710 871 2768 ubi
889 2710 1051 2788 siguificare
1066 2710 1166 2780 voluit,
1190 2706 1360 2766 scholiastae

252 2790 346 2849 verbis
375 2809 459 2849 usus·
490 2785 582 2865 ὅπου,
611 2789 642 2853 ἕν
664 2793 787 2863 Πυθοῖ,
818 2793 956 2872 τιμωρίαν
978 2793 1086 2853 δίδωσι.
1129 2791 1170 2850 At
1190 2789 1360 2848 scholiastae

251 2871 337 2931 verha
358 2874 501 2974 pertinent
521 2871 557 2931 ad
578 2871 653 2934 ίνθα
668 2875 764 2958 Λοξίᾳ
778 2835 864 2953 diupo
878 2874 988 2936 δίδωσι.
1031 2876 1203 2936 Batuesius·
1226 2868 1265 2952 ἥν
1279 2867 1360 2946 ποτ’,

251 2953 282 3026 ἐς
303 2950 403 3016 Πυθὼ
424 2949 535 3033 poluit,
556 2950 643 3054 φτησε
666 2959 794 3036 Φοῖβον,
822 2954 931 3039 πατρὸς
953 2949 989 3020 οὗ
1012 2959 1100 3021 τίνειν
1120 2958 1228 3061 δίκην.
1256 2955 1303 3015 Ab
1326 2974 1359 3014 eu

251 3057 308 3096 uon
329 3038 447 3097 multum
467 3041 586 3098 recessit
606 3037 765 3143 Pssugkius,
789 3060 897 3101 mecum
920 3043 1047 3103 scribens
1067 3036 1198 3148 πατρὸς
1191 3030 1228 3102 οὗ
1244 3031 1361 3100 ’κτίνειν
1419 3049 1421 3054 “

251 3120 345 3200 δίκην.
388 3121 437 3180 Sic
459 3122 533 3182 infra
560 3143 588 3182 v.
607 3123 699 3188 1081
728 3119 821 3210 ᾔτησα
840 3149 895 3206 γαρ
915 3123 1024 3230 πατρός
1043 3121 1107 3188 ποτ’
1132 3118 1221 3186 αιἰτὸν
1242 3121 1362 3201 αἵματος

251 3204 356 3266 δοῦναι
384 3205 476 3285 δίκην.
520 3205 578 3267 Sed
607 3227 663 3266 nou
692 3187 838 3267 ferandum
866 3221 929 3268 erat
954 3207 1006 3290 ἦν,
1024 3231 1086 3308 ,φεμ
1115 3228 1170 3287 quo
1193 3227 1228 3266 ue
1249 3205 1361 3264 Roiskii

252 3286 364 3367 quidem
392 3300 422 3349 et
441 3281 642 3368 Musgravii
621 3315 641 3376 ῃ
662 3293 797 3371 probem.-
834 3289 937 3372 Ego*
921 3317 953 3366 ος
974 3295 1092 3372 scripsi,
1123 3289 1196 3370 quod
1218 3290 1254 3348 ah
1275 3288 1362 3391 Epri-

251 3370 333 3450 pide,
364 3373 389 3430 si
410 3392 489 3431 usum
511 3385 611 3445 teneo,
644 3377 800 3454 profectum
823 3375 919 3436 credo.
967 3376 1099 3454 Lenting
1072 3396 1153 3434 ‹r21us
1184 3371 1223 3452 ’ἥν
1243 3395 1297 3434 ποτ
1299 3366 1362 3442 ’gt

252 3449 352 3516 Πυθὼ
368 3451 498 3532 μολοίν”
478 3473 564 3542 μτησε
582 3457 694 3536 Φοῖβον
708 3455 825 3539 πατρὸς,
848 3481 884 3520 ov
871 3450 1014 3535 κτείνει,
1037 3460 1128 3537 δίκην.
1157 3453 1242 3518 11”ον
1257 3454 1361 3516 κτείνει
1411 3493 1413 3497 -

252 3535 400 3597 dicendum
423 3517 510 3598 fuisse
532 3550 609 3598 reete
632 3541 660 3598 in
683 3560 803 3601 censura
824 3545 932 3602 monuit
953 3507 1112 3621 Phrigkius.
1157 3539 1308 3600 Caeterum
1332 3535 1361 3608 ἔς

252 3615 353 3681 Hodoi
382 3618 450 3680 Par.
480 3622 516 3680 B.
539 3622 578 3682 Ε.
601 3622 670 3682 Ald.
695 3625 758 3684 rell.
783 3625 868 3686 Lase.
892 3639 922 3686 et
950 3626 1036 3686 eredo
1065 3625 1114 3684 alii
1143 3641 1255 3703 quoque
1283 3621 1358 3679 libri.

252 3701 320 3763 Par.
344 3702 384 3763 A.
408 3704 450 3777 είς
471 3700 579 3768 Πυθία.

341 3801 392 3866 51.
436 3801 521 3864 Lase.
544 3803 613 3864 Aid.
637 3799 775 3888 πρόσθεν.
818 3806 887 3868 Par.
906 3808 945 3867 A.
962 3807 998 3866 Β.
1018 3806 1098 3866 Flor.
1116 3807 1165 3871 10.
1186 3807 1237 3868 15.
1263 3804 1358 3862 Ηονο.

145 3975 151 3980 ¹
251 3881 373 3968 πρόσθε.
415 3885 497 3948 Nihil
520 3909 589 3969 opus
611 3889 756 3970 Leutiugii
779 3893 942 3952 coniectura
963 3886 1122 3969 ἐξιώμενος.

340 3986 393 4049 55.
437 3986 506 4047 Par.
537 3989 576 4048 A.
609 3989 820 4052 euocare.
848 3994 898 4055 15.
930 3991 1129 4053 viconovo.
1163 3983 1362 4066 tragamu-

250 4067 458 4142 1ιεοε.είς’το
487 4067 608 4146 λοιπὸν,
638 4072 738 4151 quihus
767 4072 900 4153 Lentiugi
903 4093 935 4134 us
963 4071 1042 4134 addit
1066 4071 1136 4131 Par.
1168 4071 1205 4130 Β.
1207 4035 1266 4128 ”E
1290 4065 1359 4126 Ald.

251 4151 336 4211 Lase.
361 4153 448 4214 falsus
469 4157 598 4215 saitem
590 4177 618 4214 ru
641 4155 709 4214 Atd.
733 4167 763 4214 et
778 4157 896 4217 Lasc.'
888 4179 916 4216 ru
939 4157 1039 4237 quihus
1060 4168 1104 4215 est
1125 4149 1203 4227 tc*
1176 4177 1208 4217 το
1230 4145 1339 4214 λοιπὸν.

342 4249 393 4312 50
438 4255 470 4313 1ο
492 4255 682 4331 Hervagiauis
705 4275 787 4333 quum
810 4260 942 4316 omissum
965 4267 1041 4316 esset
1061 4278 1116 4327 τοι,
1138 4253 1277 4312 Cautcrus
1299 4248 1362 4305 aiii

253 4351 306 4410 que
328 4352 383 4390 uon
411 4339 547 4396 consultis
569 4334 634 4396 cdd.
661 4336 728 4396 Ald.
757 4339 840 4398 Lase.
868 4341 989 4400 Bruhss
981 4360 1009 4398 ru
1032 4339 1144 4418 quihus,
1170 4346 1201 4394 ut
1215 4337 1242 4391 in
1258 4333 1359 4405 fr.agm

253 4413 388 4473 Ambros.
412 4432 457 4491 ct,
482 4419 579 4490 credo,
604 4421 724 4480 cacteris
747 4423 841 4494 libris,
872 4446 915 4485 τοι
942 4435 1003 4495 est,
1028 4418 1207 4483 inserendum
1230 4420 1362 4493 putarunt

253 4493 326 4579 γὰρ,
348 4505 524 4581 servavitque
546 4503 711 4562 Barnesius.
