3028 5136
798 248 859 304 vn}

281 422 367 496 hanc
396 419 537 495 subiecit
571 419 834 495 adnotationem:
870 422 982 494 τούτο
1001 405 1122 496 ἐἶπον
1155 419 1388 517 τ’πατημένος

281 543 357 622 τοῖς
388 535 641 641 ἐξηγουμένοις
665 534 873 636 Εὐριπίδην
902 535 967 610 καὶ
996 537 1193 637 Σοφοκλέα
1216 534 1389 640 γράψασι

189 751 192 757 ¹
282 655 400 731 οὕτω·
430 654 473 730 τὸ
504 652 634 752 δρᾶμα
662 653 705 728 τὸ
738 661 802 750 τῆς
829 647 1068 748 Ἀλκήστιδος
1092 655 1298 752 Εὐριπίδου
1323 655 1390 731 καὶ

282 773 302 848 ὁ
325 773 495 873 Ὀρέστης
519 771 583 846 καί
607 772 631 866 ἡ
657 773 894 870 Σοφοκλέους
915 772 1091 870 Ἠλέκτρα
1116 772 1180 846 καὶ
1211 773 1281 848 ὅσα
1309 800 1389 848 τοι-

281 898 398 978 αὔτα,
426 884 608 988 σατυρικοί
633 895 702 964 εἰσι
724 889 788 964 καὶ
809 891 854 966 οὐ
874 885 1052 992 τραγικοί·
1083 888 1156 964 ἀπὸ
1179 897 1389 988 συμφορῶν

214 997 217 1002 ’
281 1006 354 1110 γὰρ
389 1006 453 1081 καὶ
486 1004 664 1106 δακρύων
695 1013 744 1090 ελς
764 1005 891 1106 χαρὰν
919 1014 1142 1083 καταντῶσι.
1193 1005 1292 1082 οὕτω
1317 1005 1390 1104 μὲν
1496 1087 1502 1120 4

281 1121 350 1198 οὖν
383 1126 531 1226 ἔγραψα
563 1125 747 1224 περὶτῶν
772 1121 946 1222 σατύρων
970 1120 1116 1208 τούτοις
1137 1124 1388 1220 ἠπατημένος·

283 1239 450 1337 ἐντυχών
484 1240 525 1316 δὲ
560 1247 771 1343 σατυρικοῖς
802 1240 993 1341 δροίμασιν
1020 1239 1244 1340 Εύριπίδου,
1276 1240 1392 1326 αὐτὸς

282 1353 398 1456 μόνος
435 1358 600 1462 ἐπέγνων
633 1363 673 1436 ἐκ
710 1356 857 1436 τούτων
890 1365 1088 1457 σατυρικῆς
1115 1353 1292 1451 ποιήσεως
1323 1357 1391 1433 καὶ

180 1503 187 1518 ·
283 1463 485 1575 κωμῳδίας
512 1473 712 1577 διαφοροίν.
761 1475 882 1575 ἡμὲν
915 1475 986 1553 οὖν
1017 1473 1198 1574 κωμῳδία
1230 1474 1393 1574 δριμέως

282 1599 398 1667 τινῶν
430 1596 699 1693 καθαπτομένη
727 1594 939 1692 διαβολαῖς,
979 1592 1038 1668 ἐπὶ
1056 1590 1269 1692 λοιδορίαις
1295 1597 1395 1668 κινεῖ

282 1709 444 1812 γέλωτα·
480 1710 503 1806 ἡ
536 1710 577 1786 δὲ
610 1711 789 1810 σατυρικὴ
819 1710 962 1806 ποίησις
995 1711 1161 1809 ἄκρατον
1185 1709 1249 1784 καὶ
1274 1709 1392 1812 ἀμιγῆ
1501 1759 1502 1820 ρ

283 1825 469 1926 λοιδορίας
494 1830 566 1924 ἔχει
589 1827 658 1903 τὸν
681 1829 824 1931 γέλωτα
849 1825 951 1904 ποίνυ
980 1822 1187 1922 ἡδύτατον,
1221 1825 1300 1902 οἷον
1320 1826 1393 1902 τὸν
1501 1847 1502 1916 ζ

284 1947 325 2021 ἐν
345 1945 538 2042 θυμέλαις.
594 1946 754 2022 Profecto
780 1948 810 2020 si
834 1948 891 2020 isti
917 1972 999 2045 quos
1023 1947 1140 2020 merito
1163 1945 1310 2020 Tuetzes
1336 1947 1394 2018 ui-

283 2071 416 2160 tuperat
447 2063 602 2138 audiendi
635 2073 763 2158 essent,
803 2067 921 2162 ingens
959 2088 1114 2138 numerus
1145 2062 1393 2160 tragoediarum

284 2181 507 2254 accensendus
527 2190 616 2257 esset
635 2182 758 2255 fabulis
781 2182 944 2280 satyricis.
995 2182 1163 2275 Quocirca
1182 2181 1280 2257 siilli
1298 2179 1395 2254 Ore-

284 2308 356 2372 sten
381 2297 554 2398 Euripidis
581 2309 615 2374 et
642 2300 824 2400 Sophoclis
850 2299 1040 2394 Electram,
1064 2323 1146 2397 quas
1170 2322 1267 2371 nemo
1292 2298 1395 2371 dnbi-

283 2418 580 2516 tabit-tragoedias
604 2443 743 2512 uocare,
766 2420 928 2517 satyricos
953 2443 1026 2492 esse
1051 2418 1245 2508 uoluerunt,
1276 2439 1395 2514 uereor

283 2560 326 2609 no
359 2536 458 2610 etiam
491 2537 645 2611 Alcestin
684 2547 809 2612 temere
846 2536 1031 2612 exemerint
1065 2533 1270 2630 tragoediis,
1309 2558 1394 2632 quae

283 2653 397 2726 fabula
422 2655 486 2728 etsi
508 2655 641 2728 mollior
666 2680 762 2753 qnam
786 2657 963 2754 pleraeque
982 2651 1173 2748 tragoediae
1194 2659 1258 2744 est,
1283 2659 1394 2726 tamen

284 2771 442 2845 eximium
466 2773 569 2845 robur
594 2774 724 2870 accepit
749 2773 790 2844 ab
815 2771 973 2844 Herculis
998 2771 1080 2843 licet
1105 2769 1253 2867 paullum
1278 2769 1395 2867 oppoti

283 2913 447 2987 persona:
479 2912 576 2985 quem
609 2890 639 2961 si
671 2890 745 2987 quis
777 2889 865 2961 nilil
898 2888 1047 2986 tragicae
1072 2887 1244 2986 grauitatis
1269 2887 1394 2961 habere
1501 2929 1502 2932 π

284 3013 402 3103 putat,
432 3001 519 3104 quod
544 3007 619 3080 uino
652 3007 779 3104 largius
813 3007 932 3081 hausto
968 3005 1172 3079 obiiciendas
1197 3029 1270 3079 esse
1296 3030 1395 3078 ouras

284 3123 435 3222 uitaeque
450 3123 709 3201 iucunditatibus
722 3125 894 3199 fruendum
916 3132 1042 3218 censet,
1067 3148 1141 3198 enm
1162 3148 1268 3221 neque
1284 3124 1395 3196 omui-

283 3266 328 3314 uo
362 3241 440 3340 qnid
477 3242 576 3317 heros
616 3244 661 3318 sit
690 3245 799 3318 auimo
840 3246 1052 3344 percepisse,
1089 3267 1196 3341 neque
1229 3243 1394 3338 cogitasse

285 3360 426 3432 dixerim
453 3362 622 3459 sapienter
641 3361 706 3436 lroo
732 3386 752 3434 a
776 3371 876 3458 poeta
901 3362 1086 3437 institutum
1114 3385 1206 3455 esse,
1231 3384 1295 3457 quo
1320 3360 1396 3433 clo-

284 3476 355 3547 rins
388 3477 592 3550 elucesceret
623 3503 785 3574 generoso
806 3479 879 3556 ,viri
911 3481 1038 3572 uirtus,
1076 3481 1176 3576 quum
1204 3476 1395 3574 indignatus

159 3690 165 3702 .
286 3591 372 3691 quod
393 3594 429 3664 in
449 3602 542 3668 tanta
565 3595 707 3693 hospitis
731 3596 921 3670 calamitate
946 3597 1132 3694 potaverit,
1156 3595 1190 3667 ui
1216 3620 1252 3668 se
1275 3597 1395 3669 coniu-

284 3736 360 3808 gem
392 3712 463 3784 aius
492 3708 586 3786 Orco
618 3722 826 3811 erepturum,
854 3714 926 3805 nal,
952 3714 981 3784 si
1010 3713 1077 3784 iam
1107 3713 1168 3785 sub
1188 3721 1322 3804 ‚terram
1350 3712 1395 3786 sit

286 3829 453 3934 abducta,
493 3829 577 3929 ipsis
611 3832 653 3903 ab
690 3829 807 3902 inieris
842 3829 1081 3902 uindicaturum
1117 3831 1291 3927 promittit.
1351 3829 1396 3906 Si

286 3946 463 4046 quidquam
492 3957 562 4042 ast,
595 3948 682 4047 quod
712 3948 855 4020 alienum
884 3971 905 4019 a
931 3948 1103 4045 tragoedia
1128 3950 1298 4041 uideatur,
1328 3973 1396 4022 non

286 4066 392 4138 estid
416 4067 452 4138 iu
472 4066 630 4141 Herculis
652 4089 814 4165 persona,
847 4064 904 4138 sed
927 4066 963 4139 iu
986 4067 1103 4138 ultima
1129 4091 1248 4160 scena,
1274 4067 1308 4138 iu
1331 4089 1395 4163 qua

172 4223 181 4250 t
284 4181 449 4258 Hercules
481 4185 634 4260 Alcestin
662 4195 826 4283 tamquam
856 4185 1065 4284 peregrinam
1092 4186 1262 4258 mulierem
1293 4183 1395 4256 tradit

284 4299 449 4394 Admeto,
478 4301 572 4401 isque
601 4327 673 4376 eam
704 4304 760 4378 uix
787 4313 825 4378 ut
848 4303 1031 4416 adspiciat,
1063 4303 1182 4377 nedum
1204 4310 1240 4375 ut
1263 4325 1394 4374 manum

286 4416 318 4488 ei
342 4419 514 4516 porrigat,
538 4422 580 4494 ab
604 4446 640 4495 se
664 4423 864 4522 impetrare,
889 4423 954 4495 uisi
976 4429 1131 4514 coactus,
1150 4426 1272 4518 potest.
1321 4417 1394 4492 Ve-
