3026 5134
789 347 839 420 52

252 551 381 648 ἄρχειν
405 542 529 644 παρόν
552 571 616 639 μοι
623 599 637 633 ,
657 541 759 640 ,τῷδε
786 541 985 618 δουλεῦσαί
1011 569 1108 616 ποιε.

254 673 346 774 πρὸς
369 670 478 748 ταῦτ’
506 675 575 744 λτω
600 667 671 766 μὲν
695 676 791 768 πῦρ,
815 673 885 744 icor
910 665 951 743 δὲ
978 664 1170 768 φάσγανα,

254 798 462 904 ζεύγνυσθε
489 795 525 872 δ’
554 797 709 885 ἵππους,
734 794 844 872 πεδία
870 794 1057 892 πίμπλαθ’
1088 789 1290 892 ἁρμάτων,

254 926 306 1012 ὥς
331 925 376 1002 οὐ
401 919 556 1022 παρήσω
581 921 673 1019 τῷδ
704 920 797 1020 ἐμὴν
823 919 1042 1019 τυραννίδα.

181 1058 243 1121 525
255 1057 353 1150 εἴπερ
377 1049 452 1153 γὰρ
479 1048 621 1124 ἀδικεῖν
642 1043 735 1146 χρή,
761 1046 985 1146 τυραννίδος
1008 1045 1090 1145 ’πέρι

253 1175 451 1254 κάλλιστον
477 1159 641 1265 ἆδικεῖν,
666 1174 783 1248 εᾶλλα
809 1173 846 1250 δ’
876 1175 1043 1269 εὐσεβεῖν
1065 1167 1200 1274 χρεών.

699 1379 745 1451 X
749 1377 922 1452 ΟΡΟΣ.

256 1528 325 1605 οὐκ
350 1524 391 1604 εὗ
417 1528 534 1633 λέγειν
556 1527 629 1627 χρὴ
653 1527 705 1625 μή
716 1527 775 1602 'ozi
800 1532 877 1612 τοῖς
902 1527 1021 1629 ἔργοις
1045 1529 1189 1612 καλοῖς,

672 1863 696 1931 1
704 1857 963 1935 ΟΚΑΣΤΗ.

258 2004 462 2102 ὦτίκνσν,
488 2007 557 2104 οὐχ
583 2006 731 2085 ἅπαντα
756 2017 810 2108 τῷ
838 2002 948 2110 γήραι
973 2001 1089 2097 κακοί,

185 2130 450 2222 ὁλοἜτεόκλεες
487 2164 514 2209 π
540 2132 696 2212 όεστιν·
723 2134 802 2209 ἀλλ’
829 2133 868 2208 ‘i
901 2161 957 2208 πει
983 2130 1023 2204 ία

258 2218 261 2228 .
448 2191 462 2225 ι
516 2163 536 2235 λ)
560 2164 579 2220 3
605 2233 609 2236 ,
860 2163 901 2232 hu
961 2161 982 2233 λ)

252 2377 519 2391 tuq—noum

256 2529 316 2588 libri
337 2524 448 2599 hahent,
479 2532 506 2587 in
528 2523 641 2588 ἐκείνου
668 2533 787 2588 mutavit.
835 2528 954 2605 Exposui
980 2523 1013 2584 λε
1040 2521 1090 2584 hac
1121 2543 1149 2584 re
1176 2523 1210 2584 ad
1242 2521 1379 2601 Sophoclis

257 2612 379 2672 Electrae
398 2632 425 2672 ι.
448 2610 541 2672 1269.

343 2693 887 2767 521.1eoo.vett.von.ao.o,ut
915 2715 948 2753 ex
974 2696 1077 2754 cilentio
1104 2696 1227 2764 coniicio,
1259 2693 1321 2752 Par.
1342 2690 1378 2750 A.

257 2781 381 2841 noca.
406 2780 455 2840 10.
487 2779 539 2840 33.
565 2781 649 2840 Taur.
675 2781 762 2842 Havn.
790 2772 1053 2862 Αιις.ιλ.’ἀρχειι
1062 2771 1171 2858 παρόν
1185 2799 1269 2856 μοι,
1299 2773 1379 2860 τῷδε

259 2860 416 2926 δουλεύσω
437 2860 522 2935 notk
545 2863 600 2924 Alii
622 2865 824 2944 quattuordecim
846 2864 948 2922 codices
970 2863 1132 2924 δουλεῦσαι
1157 2868 1287 2942 praebent,
1309 2861 1379 2940 qnod

259 2953 377 3026 reposuit
403 2949 605 3020 Valckenarius,
638 2971 695 3008 cuno
727 2953 928 3030 interrogatione
962 2947 1057 3008 dictum
1085 2948 1257 3010 ranucii
1282 2950 1380 3026 recepit

259 3034 409 3104 Poreonus,
430 3035 506 3112 plena
527 3039 730 3111 interpunctione
751 3039 779 3094 in
800 3035 852 3094 fine
871 3033 1048 3112 praecedentis
1069 3054 1160 3092 versuo
1181 3037 1275 3113 posita.
1309 3031 1379 3090 Mihi

259 3119 310 3176 hoc
330 3138 414 3198 genno
435 3119 555 3195 loquendi
576 3119 619 3177 hic
639 3125 717 3179 nimis
744 3118 808 3178 rudo
828 3120 942 3190 ridetur,
978 3121 1107 3197 proboque
1126 3118 1301 3188 Brunckinnr,
1333 3120 1379 3194 qui

259 3205 361 3282 virgula
382 3213 441 3262 ante
461 3204 531 3262 hunc
551 3223 654 3262 nereum
675 3209 876 3284 interpungens,
905 3203 1068 3264 devictione
1092 3207 1150 3264 eine
1176 3206 1379 3282 interrogatione

259 3292 364 3364 recepit.
407 3288 451 3346 Sic
483 3293 559 3346 ctiam
582 3288 725 3361 Matthiae,
759 3295 802 3367 qni
823 3289 856 3350 ad
885 3281 922 3349 αὖ
941 3280 1121 3365 μεθήσομαι
1149 3309 1182 3347 ex
1212 3289 1379 3364 sequentihus

259 3361 426 3450 repetenhurn
448 3382 521 3449 putat
542 3393 654 3452 αρχειν.
697 3335 728 3434 M
750 3375 852 3452 quidem
879 3371 969 3432 (lurion
990 3383 1031 3432 est
1057 3382 1083 3432 et
1109 3373 1218 3432 moleste
1239 3371 1318 3431 trahit
1337 3391 1379 3430 ne-

261 3465 380 3534 quentero
402 3456 557 3559 infinitivnpr
580 3455 751 3518 devictione.
795 3457 864 3516 Mihi
886 3459 949 3516 bene
962 3461 1098 3516 convenire
1118 3458 1219 3518 ridetur
1239 3461 1379 3518 irascentis

261 3544 372 3597 orationi
393 3535 542 3600 lxeiro‘
507 3562 544 3600 ου
565 3534 759 3622 μεθήσομαι,
781 3539 859 3642 τῷδε
883 3539 1049 3602 δουλεῦσαί
1076 3563 1149 3604 ποτε
1154 3586 1164 3618 ,
1188 3546 1261 3620 quoia,
1282 3551 1311 3602 nt
1333 3562 1381 3618 per

261 3620 336 3683 ποτὲ
352 3625 497 3704 significat,
517 3631 544 3684 in
562 3636 648 3686 mente
664 3627 740 3686 hahet
757 3617 875 3703 μήποτε
891 3623 1063 3690 δουλεῦσαι.

346 3705 418 3768 522.
438 3709 512 3769 Fior.
534 3710 562 3770 2.
583 3711 652 3770 Vict.
670 3703 836 3792 φάσγανον.

346 3789 419 3854 525.
446 3795 532 3856 Versa
558 3794 621 3854 haec
647 3804 752 3854 exstant
778 3793 847 3873 apud
869 3793 1018 3856 Ciceronem
1041 3797 1073 3856 de
1094 3797 1165 3857 offic.
1188 3795 1240 3858 λλλ.
1261 3795 1311 3856 21.
1334 3815 1380 3854 ne·

263 3883 317 3938 ecio
338 3887 424 3939 utrum
447 3882 556 3956 abipso
578 3900 611 3942 an
633 3881 664 3938 ah
684 3879 774 3938 Attio:

465 3984 532 4022 ιιιιια
551 3969 577 4024 α’
596 3967 759 4024 violandam
781 3972 819 4025 ert
839 3967 891 4035 ier,
911 3969 1053 4042 ιιριιαιιιλλ
1071 3971 1170 4044 pretia

465 4051 628 4108 violandam
649 4059 700 4108 ert:
722 4052 789 4110 otiis
809 4053 889 4110 rohos
905 4054 1038 4126 pietatem
1058 4055 1144 4111 colae.

348 4152 420 4218 527.
442 4156 569 4216 Matthiae
589 4160 627 4215 ita
647 4176 677 4214 se
697 4161 841 4236 pertnrhan
858 4158 902 4218 λιλι
922 4161 1007 4218 ιειλιίι
1032 4179 1129 4236 penten
1150 4168 1198 4231 ent,
1221 4167 1251 4219 nt
1271 4161 1381 4220 coniun-

263 4241 344 4311 λειελ,
364 4261 430 4318 qnae
451 4261 502 4298 non
524 4251 597 4298 erant
617 4243 806 4313 oonfinndendn,
827 4261 893 4319 quae
913 4251 999 4302 anteon
1020 4265 1074 4304 non
1089 4245 1220 4348 differpnt,
1235 4243 1352 4323 thietingo
1353 4264 1381 4302 e·

262 4334 311 4388 ret.
354 4327 414 4386 Hoc
435 4326 498 4384 dicit
517 4324 625 4384 ελοιιιιι
647 4321 684 4386 οὗ
703 4323 764 4406 χρή
786 4349 820 4387 ευ
804 4314 993 4430 hiperi
953 4349 997 4406 μη
1019 4324 1068 4391 tut
1088 4324 1382 4410 ιοῖςεργοιςιιαλοις

263 4397 349 4472 onoc:
373 4430 425 4468 non
446 4418 546 4497 oportet
567 4412 664 4488 pulcris
685 4417 770 4472 nertin
792 4417 839 4484 uti,
861 4417 913 4472 nini
933 4431 1013 4490 qnnrn
1034 4434 1078 4474 ree
1098 4415 1224 4476 honestae
1243 4423 1315 4473 nunt.

291 4586 303 4634 t
346 4489 419 4595 528
446 4481 509 4552 Par.
535 4493 568 4554 Α.
590 4496 663 4558 Flor.
692 4497 742 4558 33.
763 4497 922 4567 Brunnkine,
946 4497 1080 4559 Ρωιοιιιι
1102 4490 1183 4560 τίδ’.
1225 4501 1257 4558 λιι
1285 4501 1382 4556 ceteris

261 4597 291 4636 ει
322 4571 421 4636 τοῦτ’.
