3022 5140
196 630 258 696 300

793 309 843 384 34

365 490 534 580 δούλιον,
562 489 609 567 σό
631 491 667 566 τ’
691 491 758 580 δν,
784 490 909 595 ydrae,

364 615 564 717 τυράννοιν
587 619 688 712 ἔσχες
711 615 761 694 δν
781 613 913 715 δόμων
937 615 1065 716 ἔδρας·
1159 608 1160 612 “

364 743 545 842 παρέλυσε
571 739 610 817 δ’
638 740 687 818 ἂν
704 740 879 826 -Ἑλλόδος
903 741 1094 846 οἷλχεινοδς

361 865 517 956 πόνους,
543 867 603 941 ὅτ’
630 866 730 966 ἀμφὶ
759 871 885 969 Τρωΐᾳ
975 942 977 948 ,
1091 915 1094 919 ·

359 991 515 1076 δεκέτεις
540 986 721 1088 ἀλάληντο
741 993 842 1070 κενοὶ
867 988 1001 1096 λόχχᾳ·

346 1329 419 1392 200.
463 1327 532 1388 Ald.
564 1330 628 1389 rell.
660 1323 726 1392 οὔτε
755 1325 792 1391 σὺ
847 1323 905 1390 ἀι
934 1325 1083 1410 τυράννοιν
1111 1327 1188 1408 ἔσχες
1216 1319 1253 1389 όν
1273 1321 1371 1406 δόμων

265 1409 360 1492 ἕδραν.
397 1411 482 1470 Lase.
506 1409 642 1486 δούλειος.
679 1410 707 1496 γ’
732 1408 794 1474 οὔτ’
838 1408 909 1474 eod
923 1409 1010 1495 μόναι
1023 1407 1173 1493 λυρόννων
1187 1406 1270 1472 τόνδ’
1295 1411 1371 1490 ἔσχες

265 1489 303 1556 δν
324 1490 421 1573 δόμων
450 1494 544 1578 ἕδραν.
587 1497 636 1568 Sic
658 1499 743 1556 etiarn
769 1494 838 1576 Per.
863 1493 901 1555 E.
929 1495 997 1569 sed,
1029 1507 1060 1554 ut
1083 1494 1211 1567 videtur,
1243 1496 1304 1554 sine
1328 1496 1372 1553 in·

266 1580 461 1657 terpunetione
490 1591 555 1638 ante
584 1575 623 1662 γ’.
666 1579 724 1638 Ρεο
754 1579 808 1638 isto
857 1573 865 1601 ’
894 1577 974 1638 Flor.
991 1579 1024 1642 2.
1054 1573 1094 1654 τ’,
1123 1579 1216 1637 nullus
1238 1577 1310 1639 liber
1331 1573 1370 1640 δ’.

266 1661 341 1720 Nam
371 1681 443 1741 quae
472 1660 508 1720 de
536 1661 605 1722 Per.
636 1662 676 1723 A.
705 1657 742 1722 B.
774 1674 804 1722 et
850 1661 905 1722 lor.
932 1665 971 1722 A.
1000 1663 1111 1721 rettulit
1130 1661 1286 1733 Matthiae,
1316 1682 1371 1741 quo

266 1763 364 1804 errore
393 1746 520 1804 nitantur
545 1744 642 1806 docuit
670 1747 849 1824 Lentinglus.
894 1745 990 1806 Guell.
1014 1744 1084 1804 Ald.
1106 1741 1257 1826 τύραννον.
1299 1743 1369 1804 Par.

265 1827 303 1888 E.
334 1829 414 1888 Flor.
436 1830 469 1890 2.
500 1829 580 1889 Viet.
610 1826 760 1909 τυράννοιν
787 1823 866 1901 τόςδ’
891 1828 967 1909 ἔσχες
987 1821 1143 1908 δνδόμοιν
1163 1823 1257 1908 ἔδρας.
1299 1827 1369 1888 Par.

214 1947 216 1950 -
265 1912 304 1971 A.
336 1911 373 1970 B.
404 1912 485 1970 Flor.
516 1909 696 1976 Α.10.1.ἰ.
728 1913 835 1971 llavo.
855 1909 940 1993 λδριις
968 1909 1030 1972 sine
1057 1907 1150 1984 εόςδ,
1179 1911 1320 1991 adscripto
1339 1913 1371 1970 'in

265 1994 330 2054 eod.
362 1994 430 2054 Par.
448 1995 499 2054 B.
529 1990 680 2075 eluvione·
712 1996 808 2055 Havn.
839 1991 930 2074 δόμον
958 1995 1050 2078 ἔδρας.
1093 1994 1161 2054 Par.
1193 1993 1232 2054 A.
1264 1990 1373 2074 δόμους

265 2077 358 2159 ἔδρας.
407 2076 596 2151 scholiastes,
610 2117 612 2122 -
628 2077 676 2158 qui
705 2077 850 2138 adnotavit
875 2074 1001 2159 οἰκήσεις
1028 2075 1306 2156 τοῦςΝεοπεολέμου
1328 2076 1372 2139 ἒ-

264 2165 364 2222 τοῦθιι
385 2161 654 2241 οἰχιιιλωειοθεῖσοι,
676 2163 780 2241 legisse
801 2161 912 2221 videtur
933 2157 969 2224 σό
989 2157 1015 2223 ἰ’
1040 2159 1086 2238 οὐ,
1107 2157 1201 2244 μόναι,
1221 2157 1372 2242 ευρόννον

266 2243 344 2324 ἔσχες
364 2238 401 2305 όν
422 2239 522 2324 δόμον
542 2243 635 2327 ἔδρας.
677 2245 719 2305 At
740 2244 768 2305 id
789 2237 941 2326 Euripides
962 2267 1017 2306 non
1040 2244 1125 2328 ἔδρας
1145 2243 1273 2316 dixisset,
1297 2244 1372 2324 quod

267 2347 368 2387 nomen
389 2326 519 2388 dominae
540 2331 633 2408 potius
653 2341 681 2389 et
701 2325 828 2408 reginae,
853 2345 935 2408 qnam
957 2331 1084 2409 captivae
1101 2329 1212 2388 mulieri
1228 2330 1369 2388 convenit.

265 2411 421 2471 Praeterea
450 2414 475 2471 si
501 2411 536 2471 de
565 2424 714 2492 praesente
742 2424 817 2472 statu
836 2411 1056 2486 Andromachae
1077 2431 1170 2472 sermo
1191 2423 1284 2484 esset,
1316 2433 1372 2470 non

266 2496 412 2554 translatio
434 2496 463 2554 in
485 2494 597 2555 domum
618 2489 816 2576 Neoptolemi,
841 2517 923 2575 quam
946 2497 994 2556 illa
1015 2498 1070 2555 iam
1085 2497 1210 2575 reliquit,
1234 2493 1284 2554 sed
1301 2514 1372 2575 quae

266 2580 295 2638 in
317 2591 470 2658 conspeetu
491 2591 536 2638 est
556 2581 644 2640 sessio
667 2582 695 2639 in
715 2579 926 2639 fano'l'hetidis
947 2592 1010 2639 erat
1030 2577 1284 2650 commemoranda.
1327 2577 1373 2637 Eo

266 2663 291 2722 si
312 2673 423 2742 spectat
442 2661 582 2722 adiectum
604 2665 632 2724 in
653 2662 818 2743 quibusdam
840 2663 920 2722 libris
935 2658 1020 2724 τόνδε
1034 2664 1079 2723 vel
1095 2657 1188 2739 τόςδε,
1209 2661 1298 2724 vellet
1310 2663 1373 2741 quis

266 2746 324 2824 legi
346 2741 383 2808 σό
402 2744 428 2807 τ’
442 2741 499 2820 οὗ,
520 2741 623 2828 μόναι,
644 2750 720 2818 θεᾶς
738 2741 821 2808 τόνδ’
840 2744 918 2824 ἔσχες
936 2740 974 2807 δν
991 2741 1089 2826 δόμων
1102 2744 1198 2826 ἕδραν.
1241 2744 1299 2805 Sed
1315 2745 1373 2804 alio

267 2828 346 2888 ducit
373 2831 533 2888 accuratius
562 2827 741 2888 considerata
769 2828 904 2886 librorum
933 2831 1087 2908 scriptura.
1137 2829 1213 2891 Nem
1242 2823 1306 2890 οὔτ’
1335 2823 1374 2890 δν

268 2907 305 2974 οδ
332 2912 402 2970 nlhil
423 2909 501 2970 aliud
521 2922 566 2971 est
587 2932 669 2991 qnam
691 2905 755 2974 οὔτ’
779 2907 838 2986 llo,
859 2912 906 2970 cul
927 2931 1012 2991 supra
1033 2915 1140 2994 scripta
1154 2923 1216 2974 erat
1232 2913 1374 2972 eorrectio

268 2989 322 3069 σό,
345 2994 401 3072 legi
422 2994 521 3076 iubens
542 2989 579 3056 σό
598 2990 624 3057 τ’
650 2985 694 3056 ἔν.
742 2994 776 3054 ld
806 2994 979 3054 intellexisse
999 2995 1111 3057 videtur
1127 2996 1295 3074 Pilugkius,
1325 2991 1374 3075 qni

267 3078 296 3136 ix
326 3091 447 3138 censura
466 3076 612 3157 Lentingii
640 3089 718 3139 recte
744 3079 843 3138 scribit
863 3072 900 3140 σό
919 3073 947 3139 τ’
972 3072 1023 3154 δυ,
1050 3075 1150 3164 μόναι,
1178 3074 1327 3160 ιυρόνυοιν
1346 3076 1375 3140 ἔ-

267 3177 331 3240 σχες
352 3155 389 3222 ἔν
408 3156 508 3240 δόμον
528 3160 623 3244 ἔδρας,
645 3161 695 3224 sed
710 3182 766 3225 non
787 3173 867 3224 reete
880 3163 1081 3241 interpretatur
1097 3172 1126 3225 et
1138 3175 1180 3235 to,
1204 3165 1308 3222 melier
1327 3182 1375 3221 re-

265 3248 333 3322 giae
363 3246 462 3306 domes
488 3247 570 3306 redes
597 3249 758 3320 ιηὀιιιιευιιε
779 3257 900 3306 terrm
931 3245 978 3325 ¹ld
1006 3248 1081 3306 enirn
1108 3241 1179 3326 εἶχες
1198 3241 1236 3307 διν
1256 3244 1376 3306 dixisset

266 3327 429 3408 Euripides.
473 3327 606 3390 Debebat
626 3332 668 3390 sio
690 3329 825 3390 reddere:
855 3340 941 3408 tuque
960 3341 1048 3394 nacta
1064 3349 1141 3392 esses
1161 3332 1260 3408 νεςίσι
1275 3331 1376 3390 domes

267 3413 363 3483 sedes,
386 3412 511 3472 lleetore
533 3414 664 3474 nimirum
682 3412 800 3474 Priamo
819 3411 1000 3474 succedente.
1246 3427 1248 3432 ·

348 3527 422 3589 302.
466 3517 629 3606 Legebatur
654 3517 765 3601 ιιόνους
793 3524 846 3602 οὓς
866 3523 942 3607 desei
966 3529 1073 3610 Τροίαν
1094 3523 1215 3602 δειιέτεις
1235 3521 1374 3608 οἰλόληνεο

268 3607 329 3669 νέοι
348 3604 470 3691 λόγχαις.
513 3611 696 3691 lentingius,
725 3609 828 3691 ubique
851 3627 933 3691 posse
955 3615 1045 3692 repeti
1068 3607 1105 3674 δν
1125 3623 1219 3684 retus,
1251 3611 1375 3670 coniecit

268 3688 399 3771 μόχθους
421 3695 474 3767 (sie
497 3693 566 3752 Par.
587 3695 626 3753 A.
645 3694 682 3754 B.
706 3696 787 3755 Flor.
810 3694 900 3757 A.2.
921 3696 970 3759 10.
992 3699 1054 3771 lt.)
1077 3691 1125 3768 διν,
1146 3688 1223 3774 ἀμφὶ
1239 3693 1285 3755 Πέ
1318 3688 1370 3771 σμ’

347 3773 526 3942 ..este
540 3713 1375 3941 estetelelseteelrs²lle.

268 3907 338 4005 δόιόι
358 3937 415 4023 ἔνη.
457 3941 513 4022 llx
530 3945 574 4004 his
596 3939 673 4006 nulla
692 3907 780 4005 salui.
820 3885 974 4017 dioclien,
1006 3949 1055 4026 qni
1076 3947 1163 4006 melta
1184 3883 1375 4004 lodefor-

269 4028 343 4087 mine
364 4030 509 4108 eorrupit,
540 4039 699 4108 praetereo.
743 4029 807 4088 Nee
830 4029 923 4109 placet
943 4028 1068 4108 Plluglrii
1090 4025 1160 4104 ὅσοι,
1182 4027 1257 4108 quod
1279 4039 1311 4086 nt
1331 4028 1376 4084 in·

269 4109 412 4171 definitum
434 4113 526 4172 ninus
547 4114 687 4192 poeticen
707 4124 765 4190 ert.v
806 4109 961 4173 Praeterea
976 4115 1061 4172 etiarn
1077 4112 1138 4175 νέοι
1158 4123 1188 4171 et
1210 4112 1309 4171 inutile
1324 4127 1375 4168 vo-

269 4194 398 4254 cabulum
417 4206 472 4267 est,
496 4198 562 4275 qnia
584 4214 639 4255 non
660 4215 731 4277 opus
747 4198 805 4256 ullo
827 4197 1011 4268 substantivo,
1035 4208 1066 4257 et
1087 4196 1202 4280 minine
1223 4206 1317 4275 aptum
1339 4209 1374 4249 ac

269 4295 341 4355 pene
370 4277 519 4338 ridiculum
548 4299 715 4358 praegresso
744 4279 873 4353 δεκέτεις.
915 4279 1048 4358 Denique
1069 4297 1105 4340 ne
1126 4274 1241 4360 λόγχαις·
1261 4274 1373 4356 quidem

269 4360 310 4417 sie
339 4359 412 4419 nude
439 4360 563 4421 additum
585 4365 715 4443 cuiqnam
736 4365 973 4443 placerepotest.
1017 4364 1117 4446 ltaque
1137 4363 1268 4442 reposui,
1299 4355 1374 4438 qnod

269 4442 415 4520 scripsisse
435 4455 562 4522 poetam,
594 4447 642 4525 qui
662 4448 860 4508 convenientia
881 4446 976 4506 dicere
995 4449 1091 4519 vellet,
1115 4443 1288 4506 verisimile
1309 4453 1372 4501 est:

268 4520 392 4596 πόνους,
416 4517 461 4586 ὅτ’
485 4523 562 4604 ιἰμφλ
586 4529 683 4612 Τρωΐᾳ
701 4526 824 4602 δεκέτεις
843 4525 983 4607 οἰλόληνιο
1003 4529 1083 4594 ιιευολ
1102 4525 1198 4612 λόγχᾳ.
