3028 5136
793 327 868 403 104

273 509 407 611 καίπερ
426 505 607 605 πεσούσης
632 505 847 607 Παλλάδος,
860 510 1069 612 προθυμίᾳ.

274 635 313 712 σὲ
340 637 400 726 δ’,
428 635 479 719 ὥς
502 633 553 710 ’δν
578 633 677 732 εἰδῇς
694 641 760 732 τῆς
784 636 874 732 ἐμῆς
897 633 1007 731 εὐνῆς
1021 631 1158 738 χοίριν,

269 767 401 837 κακῶν
425 758 667 846 ἀπαλλάξασα
691 765 771 835 τῶν
793 758 1026 860 βροτησίαν,

272 881 471 963 ἀθάνατον
496 881 668 984 ἄφθιτίν
692 914 736 960 τε
755 882 898 981 ποιήσω
923 881 1036 975 θεόν,

180 1019 262 1084 1225
271 1010 345 1086 θεοὶ
370 1017 519 1115 γεγῶσα
542 1007 608 1086 καὶ
632 1013 726 1086 θεοῦ
750 1010 891 1111 πατρὸς
913 1012 1028 1094 τίκος.

271 1138 429 1213 κᾶπειτα
449 1133 601 1234 Νηρίας
626 1136 667 1212 ἐν
693 1131 825 1232 δόμοις
849 1138 942 1234 ἐμοῦ
966 1138 1061 1234 μέτα

270 1260 314 1338 τὸ
340 1257 469 1336 λοιπὸν
491 1258 563 1355 ἤδη
585 1257 675 1343 θεὸς
694 1257 929 1358 ,συνοικήσεις
953 1264 1054 1361 θεῷ·

270 1389 384 1463 ἔνθεν
408 1383 573 1483 κομίζων
596 1383 709 1485 ξηρὸν
735 1388 776 1460 ἐκ
798 1367 950 1462 πόντου
965 1381 1085 1481 πόδα,

269 1511 338 1588 τὸν
363 1509 545 1613 φίλτατον
570 1510 627 1586 σοὶ
651 1509 759 1586 παῖδ’
788 1509 871 1608 ἐμοί
895 1510 933 1584 τ’
955 1509 1116 1606 Ἀχιλλέα

180 1655 262 1721 1230
271 1638 356 1740 ὄψει
381 1632 524 1736 δόμους
544 1633 700 1714 ναίοντα
726 1633 970 1732 νησιωτικοδς

269 1854 549 1871 m

270 1995 399 2077 quidem,
432 1991 483 2052 sed
511 1991 632 2054 debebat
659 1992 780 2067 addere,
813 1993 859 2054 hic
891 1994 975 2052 otiam
998 1995 1155 2055 sententiae
1177 2014 1276 2055 caussa
1297 2014 1380 2075 prae-

270 2092 346 2139 stare
372 2073 524 2155 τάκείνης,
555 2079 621 2156 quia
650 2098 706 2136 non
732 2089 788 2136 tnm
809 2077 925 2136 Troiam
946 2079 973 2134 in
996 2079 1085 2138 ruinis
1108 2079 1263 2152 iacentem,
1296 2099 1378 2159 qnam

269 2183 320 2223 eos
342 2163 390 2243 qui
413 2159 525 2220 orinmli
546 2160 635 2219 Troia
657 2172 738 2235 sunt,
764 2160 804 2220 dii
826 2180 927 2220 curare
951 2159 1093 2220 dicuntur.

352 2269 446 2332 1221.
490 2267 576 2327 Lnsc.
603 2267 673 2327 Art.
698 2269 763 2328 rell.
788 2268 867 2327 Flor.
886 2267 917 2330 2.
942 2268 1040 2329 Gueii'.
1064 2267 1134 2328 Por.
1156 2267 1194 2329 Ε.
1217 2269 1378 2355 προμηθία.

268 2352 339 2413 Par.
362 2352 402 2411 A.
428 2350 465 2410 Β.
490 2351 571 2411 Flor.
593 2349 634 2411 A.
656 2353 777 2416 10.15.
799 2352 895 2412 Havn.
918 2353 1081 2437 προθυμίᾳ.

354 2459 446 2525 1222.
491 2458 525 2518 In
546 2459 626 2518 tibris
649 2460 679 2518 hi
697 2478 796 2518 versos
819 2461 873 2519 hoc
896 2456 995 2519 ordine
1017 2461 1116 2540 scripti
1138 2469 1218 2524 sunt:

437 2562 468 2628 σὲ
489 2561 530 2642 δ’,
552 2560 593 2637 τίς
613 2560 650 2627 διν
672 2565 752 2650 εἰδῇς
770 2571 824 2646 τῆς
844 2564 916 2646 ἐμῆς
937 2560 1024 2646 εὐνῆς
1043 2561 1136 2650 χάριν,

434 2645 494 2712 θεὰ
513 2653 624 2731 γεγῶσα
644 2647 695 2712 καλ
715 2654 791 2712 θεοῦ
811 2647 921 2730 πατρὸς
940 2647 1032 2726 τέκος,

435 2737 535 2794 κακῶν
553 2726 739 2804 ἀπαλλάξασα
758 2737 817 2794 τῶν
836 2733 1008 2813 βροτησίαν,

434 2810 586 2877 ἇθοίνατου
608 2809 741 2893 δφθιτόν
760 2836 791 2875 τε
810 2809 925 2894 ποιήσω
945 2810 1029 2878 θεόν.

266 2924 315 2983 Ad
338 2942 436 2983 corum
458 2920 612 2982 secondum
634 2921 817 2983 scholiastes:
844 2919 957 2994 ἐντοῖς
977 2926 1095 2994 πολλοῖς
1114 2927 1173 2985 τῶν
1193 2917 1379 3006 οἰιντιγροίφοιυ

268 3003 321 3086 οὐχ
344 3001 494 3086 εὕρηταιὸ
513 3005 614 3084 στίχος.
656 3005 702 3064 Ac
719 3022 787 3063 sane
804 3024 860 3063 non
877 3001 961 3062 morlo
978 3025 1033 3064 non
1051 3003 1228 3065 desideratur
1244 3009 1376 3082 omissus,

269 3089 320 3150 sed
342 3089 426 3148 etiam
450 3089 625 3169 importunus
644 3099 705 3160 est,
730 3098 760 3146 ct
775 3088 848 3146 maie
869 3087 1049 3168 interrumpit
1068 3090 1235 3148 orationem.
1280 3090 1378 3164 Quare

268 3194 326 3234 non
345 3171 485 3245 mirabor·
506 3173 531 3232 si
549 3192 647 3233 eorum
669 3171 772 3250 aiiqnis
797 3171 972 3243 criticorum,
998 3173 1046 3251 qui
1069 3172 1138 3231 nihii
1160 3173 1238 3252 prius
1260 3173 1375 3248 habent,

268 3278 351 3337 qnam
381 3257 487 3317 eiicere
509 3255 645 3337 quidquid
665 3257 710 3317 vei
733 3253 864 3334 displicet
883 3255 927 3314 rel
951 3256 1101 3314 obscurum
1123 3266 1182 3328 cst,
1218 3257 1292 3315 hunc
1314 3277 1378 3317 ver-

267 3362 328 3401 sum
350 3351 383 3399 nt
402 3339 549 3419 abaliquo
566 3340 769 3421 intorpoiatoro
785 3339 942 3416 profectum
960 3336 1142 3397 damnabunt.
1182 3337 1247 3417 Ego
1264 3337 1376 3418 quidem

267 3425 308 3483 sic
329 3422 443 3481 indico:
474 3443 558 3502 qnum
580 3425 685 3483 veteris
708 3420 819 3480 scribae
840 3441 937 3481 errore
959 3423 1079 3480 omissus
1100 3433 1177 3480 essct
1198 3422 1244 3480 hic
1264 3441 1374 3497 versus,

266 3507 392 3566 caruisse
422 3525 457 3565 co
488 3505 592 3577 libros,
629 3507 677 3586 qni
706 3524 743 3564 cx
773 3505 827 3563 isto
858 3502 956 3564 codice
985 3502 1063 3563 ducti
1086 3515 1170 3578 sunt;
1202 3525 1237 3564 ex
1260 3507 1377 3566 meliore

266 3588 368 3649 deinde
399 3588 471 3647 iibro
493 3609 578 3667 quum
600 3590 629 3648 in
653 3589 780 3666 margine
801 3585 913 3647 additus
933 3599 1028 3660 esset,
1057 3608 1113 3646 non
1134 3607 1198 3647 esse
1220 3589 1249 3647 in
1270 3607 1305 3648 eo
1328 3610 1377 3648 co-

266 3672 346 3745 dice,
379 3672 427 3751 qni
449 3683 609 3732 nostrornm
634 3673 697 3732 fons
719 3683 764 3730 est
785 3671 940 3744 librorum,
965 3691 1000 3731 co
1022 3692 1078 3751 quo
1099 3669 1221 3730 debebat
1240 3671 1304 3731 loco
1326 3693 1377 3752 po-

265 3761 361 3816 situm.
406 3755 482 3814 Nam
505 3775 572 3814 snae
594 3754 655 3815 sedi
676 3754 821 3828 redditus,
845 3766 877 3814 ot
896 3765 1013 3834 quartos
1029 3755 1070 3812 ·sit
1092 3755 1208 3814 istorum
1230 3773 1374 3828 versuum,

267 3841 322 3899 iam
353 3858 406 3899 nec
435 3838 531 3898 turbat
556 3841 776 3899 concinnitatem
807 3849 837 3898 ct
863 3849 908 3898 cst
936 3839 1116 3916 aptissimus,
1149 3857 1183 3896 ac
1206 3849 1322 3917 propter
1342 3858 1376 3898 eo

267 3943 339 4004 quac
361 3933 517 4002 sequuntur
539 3942 611 4002 pone
637 3925 825 3984 necessarius.
861 3921 978 3982 Habent
992 3925 1086 3980 antem
1101 3920 1171 3980 Par.
1189 3920 1227 3979 E.
1246 3921 1327 3981 Flor.
1342 3924 1374 3984 2.

268 4007 364 4068 Gueii.
385 4005 456 4066 Ald.
475 4005 561 4066 Lasc.
584 4001 679 4080 τόκος.
721 4006 790 4065 Par.
809 4005 848 4065 A.
869 4004 950 4065 Flor.
971 4002 1012 4064 A.
1033 4005 1083 4068 lo.
1104 4006 1153 4066 15.
1172 4003 1268 4064 Horo.
1285 4003 1375 4078 τέκος.

350 4109 443 4176 1227.
487 4111 556 4174 Por.
587 4112 627 4173 A.
658 4113 695 4173 B.
719 4113 800 4172 Flor.
823 4110 863 4170 A.
889 4111 1010 4174 10.15.
1041 4110 1131 4169 Taur.
1157 4111 1253 4169 Gnelf.
1278 4110 1373 4170 Havn.

267 4189 449 4275 συνοικήσεις
476 4200 544 4280 θεᾷ.
594 4196 680 4256 Lasc.
710 4196 780 4255 Aid.
805 4195 885 4255 Flor.
906 4194 938 4255 2.
967 4192 1036 4251 Par.
1059 4191 1097 4252 Ε.
1121 4199 1193 4277 θεῷ.
1235 4193 1376 4253 Matthiae

1109 4276 1376 4354 ⁰

266 4383 378 4523 ίιίρῃιαί,
407 4446 544 4516 additor,
567 4440 627 4506 θεὰ
643 4381 853 4515 σεόι·λνι’,μιίία
868 4401 954 4514 ’θεός
997 4445 1052 4502 11εά
1073 4404 1135 4522 ipso
1157 4444 1211 4502 deo
1235 4402 1374 4523 loquitar:

267 4525 344 4603 Quid
366 4545 434 4586 vero
455 4527 598 4605 loquitur?
637 4522 731 4606 Ἐμοῦ
752 4523 822 4605 μέτα
843 4519 1024 4606 συνοικήσεις
1044 4523 1129 4605 totto
