3022 5140
814 301 851 372 br

276 498 311 563 11
334 488 462 562 Aldina
496 489 607 564 1503.
637 487 723 561 unde
752 488 885 584 uulgata
909 486 1055 560 manarit
1087 486 1272 584 scriptura,
1305 510 1389 584 quae

278 632 345 679 uon
372 606 540 680 indoctum
566 615 787 679 correctorem
806 613 905 678 nacta
927 614 978 678 est
998 604 1031 676 in
1046 603 1259 701 lleruagiaua
1283 605 1391 677 altera

280 748 313 797 a.
342 722 453 798 1544.
491 722 633 798 Scholia
659 749 701 798 ex
728 721 825 796 codd.
854 723 910 795 hic
942 723 1016 795 illic
1046 724 1141 796 auxit
1166 722 1218 795 Io.
1242 718 1392 796 Lentin-

279 842 369 938 gius,
392 821 852 940 quiZutplruniaea.1829.
877 838 1144 913 Andromacham
1169 838 1286 934 edidit,
1307 866 1392 939 ope·

281 963 368 1032 rosis
403 959 606 1056 molesteque
633 959 768 1057 scriptis
802 957 1070 1030 adnotationibus
1104 960 1321 1051 instructam,
1356 959 1392 1032 in

217 1111 226 1134 o
283 1077 401 1173 quibus
428 1075 586 1175 quaedam
604 1077 703 1168 bona,
729 1077 826 1172 plura
852 1083 960 1149 antem
978 1084 1066 1167 snut,
1088 1100 1183 1173 quae·
1198 1077 1271 1173 quis
1293 1078 1393 1150 vellet

282 1216 349 1264 nou
366 1192 591 1291 essescripta.
641 1190 726 1265 Eius
751 1193 829 1265 libri
856 1217 1028 1266 censuram
1055 1193 1191 1290 scripsit
1216 1193 1394 1290 Phugkius

283 1308 317 1379 iu
343 1308 485 1383 Diurois
508 1308 719 1384 scholasticis
746 1335 777 1385 a.
805 1309 986 1384 1832011.
1012 1333 1049 1384 u·
1073 1309 1133 1386 92.
1160 1312 1221 1386 93.
1259 1309 1395 1383 Memo-

284 1427 389 1500 randa
411 1437 585 1526 praeterea
601 1428 703 1502 editio
717 1426 972 1501 Andromachae
990 1453 1062 1501 cum
1081 1429 1180 1499 variis
1194 1427 1395 1500 lectionibus

284 1544 445 1617 librorum
466 1545 720 1637 Parisieusium,
746 1543 936 1618 Florentini
960 1548 1005 1620 A.
1031 1547 1109 1618 libri
1134 1545 1292 1637 Puteani,
1321 1544 1396 1618 cdi-

285 1662 476 1770 tionumque
509 1663 670 1737 Luscaris
701 1673 736 1738 et
764 1665 868 1757 Aldi,
909 1681 1005 1763 quam
1031 1686 1165 1736 curasse
1197 1662 1321 1735 dicitur
1352 1661 1395 1738 P.

283 1777 479 1874 Elmsleius,
506 1779 635 1854 Oxouii
661 1806 693 1855 a.
722 1782 831 1857 1807.

388 1930 592 2024 Librorum,
620 1931 676 2029 qni
697 1932 805 2005 lontes
830 1931 1017 2030 scripturae
1048 1941 1145 2024 sunt,
1177 1941 1245 2005 tres
1272 1933 1397 2008 classes

288 2033 462 2120 substituit
482 2047 686 2146 Lentingius
712 2051 745 2121 in
773 2049 981 2147 praefatione
1013 2076 1048 2148 p.
1082 2046 1329 2148 1111111111,
1362 2052 1397 2124 in

198 2187 200 2191 ·
288 2189 354 2262 pun
379 2166 475 2264 ponit
498 2165 610 2242 Paris,
634 2170 681 2242 Α.
706 2176 740 2242 11
764 2168 1006 2258 llarnieusem3
1028 2169 1179 2258 alterum,
1205 2191 1290 2265 quae
1314 2191 1399 2242 eou-

288 2285 395 2357 tineat
421 2282 638 2358 Florentinos
669 2285 713 2358 A.
749 2287 808 2360 10.
847 2286 906 2362 15.
941 2287 1131 2359 Parisinnm
1165 2285 1207 2360 11.
1239 2270 1420 2384 quemque

288 2403 386 2474 buius
417 2403 605 2500 ererrrplnm
639 2403 850 2477 chartaceum
884 2429 958 2478 esse
994 2430 1029 2502 p.
1058 2406 1118 2476 10.
1153 2402 1253 2494 dicit,
1286 2402 1334 2475 D.
1366 2411 1400 2476 et

184 2523 187 2534 '
288 2519 450 2594 Lascarr's
468 2521 636 2612 codicem3
668 2523 818 2612 tertiam,
845 2524 940 2596 cuius
965 2523 1032 2596 siut
1054 2519 1229 2594 Parisinus
1252 2514 1295 2596 E.
1315 2519 1400 2593 Flo·
1494 2583 1495 2596 ,

289 2639 504 2711 1111111112.
537 2640 625 2712 liber
656 2638 893 2731 Victorianus,
933 2637 1066 2712 codices
1107 2638 1330 2711 Tauriuensis
1367 2647 1401 2712 et

289 2752 585 2853 Guelferbytanus,
610 2764 708 2852 atque
733 2756 835 2829 editio
851 2754 986 2829 Aldina.
1025 2754 1151 2829 Verum
1169 2757 1232 2828 etsi
1252 2757 1402 2854 plerum·
1494 2783 1495 2790 ¹

291 2899 354 2972 que
385 2875 438 2947 illi
474 2875 574 2965 libri,
608 2897 690 2970 quos
724 2874 822 2945 unius
852 2873 970 2945 classis
1005 2897 1080 2946 esse
1112 2872 1213 2966 dicit,
1250 2875 1402 2950 11111111

291 2991 516 3082 consentiunt,
542 2999 651 3062 tumen
668 3011 769 3087 saepe
792 2989 892 3062 etiam
909 2989 1113 3088 discrepant,
1139 2992 1402 3091 conveniuntque

292 3133 366 3180 cum
398 3091 485 3182 alius
516 3107 635 3181 classis
665 3107 856 3200 codicibus,
893 3133 957 3181 nee
998 3117 1090 3181 recte
1130 3129 1227 3180 unam
1260 3109 1402 3183 classem

293 3225 391 3298 alteri
415 3207 537 3323 ubique
561 3224 771 3321 praetuleris.
813 3224 853 3300 Iu
881 3251 945 3325 quo
970 3250 1093 3322 genere
1111 3251 1229 3323 magua
1255 3227 1405 3299 cernitur

293 3342 470 3439 Lentingii
500 3343 689 3436 temeritas,
721 3342 777 3441 qui
801 3345 914 3416 neseio
941 3367 1006 3442 qua
1031 3367 1149 3417 caussa
1177 3356 1243 3416 tam
1270 3343 1404 3440 iniquus

292 3468 344 3534 est
359 3461 396 3533 in
410 3460 546 3547 Aldum,
564 3469 613 3554 ut,
626 3461 656 3534 si
674 3484 771 3559 quam
786 3461 857 3533 eius
873 3461 1072 3559 scripturam
1088 3462 1264 3560 improbat,
1279 3460 1404 3534 Aldum

292 3587 331 3652 ut
345 3580 493 3678 ineptum
509 3587 732 3652 correctorem
754 3586 904 3670 accuset,
928 3603 992 3651 uec
1011 3581 1150 3677 cogitet,
1177 3587 1305 3652 veteres
1323 3581 1428 3680 illos*

240 3695 249 3702 ”
293 3696 439 3771 editores
465 3697 714 3794 religiosissime
730 3683 813 3794 quos
836 3705 915 3770 aute
941 3699 1056 3770 oeulos
1082 3699 1247 3770 habehant
1272 3696 1406 3771 codices

293 3815 488 3891 reddidisse.
538 3815 628 3888 Mihi
661 3815 812 3915 quidem,
847 3814 904 3911 qui
929 3837 966 3886 se
989 3815 1047 3886 uni
1078 3815 1216 3889 istarum
1249 3815 1404 3888 classium

294 3933 439 4027 addicat,
460 3957 526 4006 non
550 3933 679 4006 videtur
712 3932 918 4030 probabilem
943 3919 1042 4004 huius
1066 3932 1258 4028 tragoediae
1286 3955 1407 4007 recen·

293 4053 419 4125 sionem
452 4075 550 4149 posse
580 4051 724 4124 allicere.
774 4047 860 4122 Nam
888 4057 1044 4147 quantum
1076 4051 1266 4147 intelligere
1298 4050 1407 4148 pmtni,

294 4193 407 4243 omncs
445 4169 498 4240 illi
525 4166 660 4241 codices
692 4191 735 4239 ex
764 4168 941 4264 perpaucis
981 4189 1023 4238 ac
1055 4165 1169 4240 neseio
1202 4191 1246 4239 au
1270 4191 1314 4240 ex
1339 4191 1406 4239 unu

294 4311 399 4384 eoque
425 4285 582 4359 mendoso
608 4292 667 4356 aut
691 4285 777 4357 male
801 4283 912 4356 habito
934 4283 1021 4356 libro
1046 4295 1232 4377 manarunt,
1260 4293 1297 4357 111
1318 4307 1406 4357 nnnc

295 4402 477 4496 cremnos
502 4403 562 4475 ille
586 4401 695 4474 codex
723 4423 832 4474 reram
859 4397 1058 4500 scripturam
1083 4403 1260 4494 exhibunt,
1293 4403 1407 4475 multis
