2974 5138
793 290 818 363 6

253 474 293 558 δς
317 472 402 550 ἀντὶ
426 471 511 556 δίας
535 469 705 572 ψακάδος
729 471 923 573 Αῑγύπτου
946 470 1060 546 πίδον

251 605 381 692 λευκῆς
404 596 574 692 τακείσης
589 594 718 693 χιόνος
744 594 912 698 ὑγραίνει
937 592 1041 698 γύας.

251 720 433 822 Πρωτεύς
458 720 502 822 δ’,
530 721 581 796 ὅτ’
608 719 687 816 ίζη,
713 717 819 814 τῆςδε
836 727 910 823 δγῆς
934 717 1115 821 τύραννος
1139 716 1198 814 ἦν,
1256 767 1259 772 n

223 843 388 947 υΦάρον
411 844 482 944 μὲν
497 849 620 920 οἰκῶν
644 852 779 938 νῆσον,
803 842 998 947 Αλγύπτου
1023 841 1056 920 δ’
1083 831 1199 933 ἄναξ,

252 971 395 1055 ὅςτῶν
418 970 497 1045 κατ’
521 968 635 1069 οἶδμα
660 951 865 1070 παρθένιον
888 969 982 1068 μίαν
1006 974 1129 1072 γαμεῒ,

334 1213 375 1272 V.
393 1223 424 1274 2.
468 1210 615 1293 Euripidis
636 1211 709 1296 lihriv
723 1209 867 1290 ψεκάδος.
913 1211 1000 1293 Apud
1016 1210 1255 1293 Aristophanem,
1284 1205 1358 1264 etin

252 1296 415 1358 melioribus
434 1295 514 1356 libris
532 1296 676 1357 Athenaei
696 1304 779 1377 atque
796 1294 934 1357 Aristidis
957 1297 1104 1372 ψακάδος,
1281 1371 1283 1380 y

334 1395 375 1458 V.
395 1406 425 1458 3.
469 1393 616 1477 Euripidis
630 1396 708 1470 libri,
725 1396 904 1469 Athenaeus,
920 1391 1242 1474 scholiastesApollonii
1254 1383 1359 1469 dyocl-

252 1501 306 1540 νει.
348 1478 492 1540 Aristides
510 1475 647 1557 άρδεύει,
669 1479 743 1561 quod
766 1482 852 1540 iterat
871 1477 996 1540 addens:
1028 1485 1093 1553 πῶς
1115 1471 1187 1549 cdv,
1209 1467 1234 1538 ολ
1257 1467 1359 1549 σοφώ-

252 1585 320 1625 τατε
342 1560 508 1643 Εύριπίδη,
528 1567 636 1640 λευκῆς
657 1566 795 1642 τακείσης
818 1561 920 1644 χιόνος
941 1561 1062 1645 άρδεύει
1078 1565 1188 1634 Νεῖλος
1201 1553 1360 1642 ΙΑἰγύπτου

252 1645 342 1728 γύας,·
362 1645 405 1707 Id'
415 1645 550 1727 probasse
565 1645 738 1708 Bruuclrium
757 1645 900 1707 adnotatio
916 1648 977 1707 eius
995 1645 1031 1706 ad
1048 1645 1268 1729 Aristophanem
1281 1659 1360 1700 mon·

253 1740 335 1790 strat.
386 1729 567 1792 Praeferrem
590 1750 644 1810 ego
666 1751 776 1812 quoque
793 1735 850 1790 non
873 1732 961 1790 s'olurn
981 1741 1013 1790 nt
1030 1733 1119 1810 magis
1132 1725 1283 1810 poeticum,
1307 1719 1361 1782 sed

253 1815 338 1873 ctiam
364 1812 438 1893 quod
460 1815 489 1874 iu
511 1813 646 1894 ὑγραίνει
665 1817 757 1894 potius
777 1824 934 1896 correptam
957 1834 1037 1894 quam
1056 1812 1219 1894 productam
1241 1809 1360 1890 primam

253 1897 504 1976 exspectabamus,
537 1897 591 1956 nisi
611 1901 745 1958 memoria
767 1898 904 1958 fefellisse
925 1895 1080 1957 Aristidem
1099 1895 1262 1964 videretur,
1304 1884 1361 1948 uod

252 1999 289 2038 eo
310 1981 420 2040 facilius
438 1977 571 2040 accidere
587 1982 689 2060 potuit,
714 1983 738 2040 si
754 1983 854 2062 animo
866 1981 1070 2041 obversabatur
1086 1975 1223 2058 Aeschyli
1241 1975 1270 2034 in
1286 1911 1361 2034 d’ro·

252 2063 367 2124 metbeo
385 2068 581 2132 versus851.
650 2123 653 2148 ,

263 2169 267 2178 ·
294 2143 371 2227 ύσηυ
391 2145 578 2228 πλατύρρους
601 2149 711 2222 Νεῖλος
732 2141 853 2229 άρδεύει
875 2145 982 2230 χθύυα.
1262 2235 1265 2242 Ι

253 2245 350 2322 Quare
373 2247 515 2328 Hesychii
534 2248 673 2328 glossam,
698 2242 836 2326 α’ρδεύει,
857 2247 984 2323 ποτίζει,
1007 2246 1043 2307 ad
1060 2245 1232 2326 Aeschylum
1253 2245 1361 2325 potius,

253 2348 334 2409 quam
354 2329 390 2390 ad
413 2327 578 2410 Euripidem
599 2331 768 2392 rettulerim.
814 2331 937 2414 Copiose
951 2329 988 2392 de
1007 2327 1364 2398 eoverboLobeckiusad

252 2412 363 2495 Phryn·
384 2436 414 2493 p.
431 2423 506 2478 763.
530 2451 573 2461 —
593 2413 753 2498 Αἰγύπτου
775 2415 868 2479 πέδον
890 2415 1024 2500 ύγραίυει
1038 2413 1119 2496 ,γύας
1141 2433 1224 2496 quum
1242 2412 1363 2496 offensui

253 2508 347 2571 esset,
376 2499 514 2559 Reislrius
535 2499 636 2576 ῥοαῖς,
663 2497 827 2561 Lobeckius
849 2499 885 2562 ad
907 2499 957 2562 Αἰ.
979 2521 1008 2560 v.
1029 2505 1102 2564 459.
1125 2504 1208 2574 ηοαῖς
1230 2496 1364 2557 coniece·

253 2591 310 2652 rat,
325 2583 371 2641 cui
384 2575 526 2642 Matthiae*
540 2585 670 2667 opposuit
683 2603 747 2644 suas
763 2583 799 2644 ad
817 2584 916 2644 Orest.
937 2589 1029 2655 1452.
1044 2596 1073 2647 et
1087 2581 1122 2644 ad
1136 2581 1247 2666 Phoeu.
1266 2587 1366 2656 Ι1130..

255 2662 574 2740 1517.,ειδαοῐοῑίοοεε.
626 2665 659 2726 λιι
685 2667 774 2726 altera
799 2666 923 2726 editione
941 2687 1116 2746 nequaquam
1138 2683 1169 2724 se
1193 2665 1267 2724 tueri
1288 2663 1364 2727 illam

154 2750 158 2759 ’
254 2749 446 2807 coniecturam
471 2747 540 2808 dixit
552 2747 727 2818 Lohcckius,
752 2746 803 2807 sed
819 2749 959 2826 exempla,
981 2769 1052 2828 quae
1072 2747 1198 2815 attulerit
1209 2745 1363 2824 Matthiae,

254 2850 352 2910 parum
378 2841 534 2908 opportuna
559 2829 705 2900 iudicare,
733 2833 840 2910 partim
861 2843 978 2910 propter
995 2832 1125 2892 lectionis
1147 2841 1182 2894 et·
1195 2831 1365 2912 interpreta-

254 2913 340 2970 tionis
361 2911 588 2990 ambiguitatem,
611 2911 713 2991 partim
734 2915 816 2992 quio,
842 2907 912 2994 qnae
931 2915 1062 2994 ambigua
1080 2936 1136 2988 nou
1153 2914 1220 2986 sint,
1244 2911 1298 2974 duo
1313 2935 1365 2976 uo-

255 2997 331 3054 mina
359 2995 442 3072 longe
466 2993 596 3055 diversae
616 2996 829 3072 significationis
853 2989 1028 3060 contineant.
1079 2997 1168 3062 Simul
1189 3010 1268 3058 recte
1288 3009 1366 3060 notat

256 3081 341 3138 ctiam
363 3078 522 3156 Reisigium
545 3081 574 3138 in
595 3091 747 3150 comment.
767 3083 832 3140 crit.
855 3080 891 3141 nd
913 3080 988 3144 Ocd.
1010 3081 1073 3142 Col.
1096 3103 1124 3143 v.
1145 3091 1217 3144 682.
1239 3102 1267 3161 p.
1288 3089 1362 3146 290.

257 3182 312 3241 quo
331 3173 447 3221 auctore
470 3183 536 3222 usus
558 3174 601 3221 est
619 3160 774 3238 Matthiae,
798 3176 948 3244 monetque
967 3187 1022 3227 non
1043 3165 1196 3226 indiscrete
1215 3165 1281 3226 talia
1299 3187 1366 3248 pro·

257 3243 387 3323 ponenda
407 3265 473 3306 esse
487 3245 633 3308 tironibus.
675 3245 743 3306 Non
759 3249 831 3308 male
844 3248 991 3328 Pllugkius
1005 3250 1180 3329 interpositis
1196 3254 1302 3326 λευκῆς
1316 3272 1366 3312 τα·

257 3329 360 3406 ιιείσης
375 3325 476 3406 χιύυος
493 3331 572 3409 quasi
590 3351 663 3392 novo
682 3331 786 3410 impetu
800 3331 998 3411 decurrentem
1019 3335 1174 3410 orationem
1189 3333 1366 3394 alteriusac·

259 3413 377 3490 cusativi
398 3432 529 3494 capacem
547 3415 649 3474 iactam
664 3417 784 3475 censuit.
811 3413 965 3495 Comparat
977 3417 1025 3478 ille
1040 3417 1179 3498 Aeschyli
1197 3412 1281 3478 Pers.
1292 3425 1365 3482 820.

300 3517 387 3582 θῖνες
407 3516 523 3593 νεκρῶν
544 3511 576 3576 δὲ
597 3513 648 3576 καλ
667 3511 855 3596 τριτοσπόρῳ
876 3521 954 3600 γονῇ

301 3593 410 3673 άφωυα
432 3601 617 3677 σημανοῦσιν
637 3595 767 3680 ὄμμασιν
788 3601 918 3681 βροτῶν,

261 3706 292 3756 et
309 3695 411 3778 Eurip.
431 3696 539 3758 Troad.
557 3702 649 3762 1105.

300 3792 435 3858 Ἰλιίθεν
456 3793 504 3859 ύτι
524 3821 561 3878 με
582 3796 810 3875 πολυδάκρυτον

299 3877 420 3942 Ἑλλάδι
440 3877 588 3962 λάτρευμα
609 3887 707 3966 γᾶθεν
731 3881 866 3963 ἐξορίζει,
924 3907 927 3914 ·
1099 3933 1101 3938 .

263 4000 296 4041 ac
313 3979 438 4062 Philippi
459 3981 723 4044 Thessalonicensis
745 3983 774 4040 in
794 3981 913 4041 Anthol.
935 3981 999 4042 Pal.
1016 3981 1069 4041 lX.
1086 3987 1137 4044 80.
1157 3979 1194 4040 Τ.
1214 3977 1252 4040 11.
1267 4001 1296 4060 p.
1314 3987 1367 4042 32.

265 4066 324 4124 sive
337 4065 364 4124 in
378 4065 499 4126 lacohsii
512 4065 634 4127 Delectu
647 4070 738 4148 epigr.
756 4086 786 4145 p.
805 4072 877 4129 305.
897 4064 988 4146 epigr.
1008 4073 1077 4128 109.
1145 4089 1147 4100 ·

601 4171 640 4252 τῇ
662 4163 688 4229 δ’
709 4165 742 4231 ἔτι
762 4163 898 4250 καλάμης
917 4164 1074 4250 συνέριθοι

307 4249 403 4323 νῆσον
425 4247 576 4332 πυρκαϊὴν
597 4251 707 4328 άξυλον
729 4252 762 4312 ἔτι
777 4248 929 4336 σταχύων,

267 4344 316 4404 uhi
340 4345 497 4424 elegantem
521 4353 644 4414 lacohsii
666 4353 878 4423 coniecturam,
909 4349 943 4412 αί
962 4344 1099 4427 καλάμης
1119 4348 1297 4427 συνέριθοι,
1314 4369 1371 4414 non

268 4431 458 4490 necessariam
476 4451 541 4494 esse
553 4446 632 4513 putat
643 4435 801 4513 Pllugkius.
835 4435 909 4496 Mihi
922 4435 971 4497 ille
984 4444 1064 4496 recte
1078 4435 1236 4497 coniecisse
1248 4432 1370 4496 videtur.

269 4512 391 4572 Omnino
410 4514 456 4574 isti
476 4515 509 4578 ἐκ
526 4515 717 4599 παραλλήλου
740 4519 847 4596 figurae
866 4519 908 4580 sic
922 4517 1114 4584 tantummodo
1133 4519 1211 4608 locus
1227 4528 1285 4590 est,
1307 4517 1331 4576 si
1344 4518 1372 4576 iu
