3026 5134
392 1351 920 1520 'ruouuarro

561 1659 765 1672 Q—-o-——qa

171 1837 291 1946 Nulla
317 1881 369 1946 est
393 1873 568 1971 Euripidis
603 1876 795 1972 tragoedia,
831 1900 927 1974 quam
962 1883 1118 1952 tractanti
1154 1892 1220 1954 mm

75 2047 78 2050 -
102 2000 262 2072 molestus
288 2008 420 2095 tamque
445 2001 563 2096 plenus
589 2003 691 2073 taedii
705 1989 1033 2076 lahorexautlandus
1049 2007 1106 2096 sit,
1124 2029 1218 2102 quum

99 2127 319 2198 Phoenissae.
370 2125 455 2197 Nam
490 2128 559 2199 siue
593 2128 666 2224 quis
700 2130 874 2202 consilium
907 2139 1075 2227 artemque
1100 2140 1219 2226 poetae

100 2256 249 2348 spectet,
283 2252 347 2324 etsi
373 2251 530 2348 quasdam
555 2261 668 2349 partes
693 2257 883 2351 praeclaras
909 2279 983 2328 essa
1011 2257 1227 2330 elaboratas--

100 2403 163 2474 quc
189 2378 441 2478 diligentissime
466 2379 652 2476 intelliget,
685 2387 794 2453 tamen
820 2382 920 2452 etiam
947 2405 1031 2478 quae
1057 2382 1218 2479 displice·

100 2513 156 2578 ant
188 2505 334 2576 inveniet
364 2506 550 2602 permulta3
584 2506 654 2578 siue
689 2507 731 2577 ad
766 2508 1018 2580 instrumentum
1043 2508 1214 2606 respiciet,
1355 2507 1360 2514 ’

100 2631 187 2728 quod
212 2631 290 2703 libri
315 2630 357 2702 ad
383 2631 615 2704 emendandam
641 2632 784 2704 fabulam
805 2633 1028 2730 suppeditent,
1046 2657 1215 2707 numerum

99 2757 227 2854 quidum
253 2756 403 2841 codicum
428 2758 608 2853 ingentem,
635 2759 814 2832 honitatem
841 2767 949 2831 autem
970 2766 1037 2831 tam
1059 2760 1214 2856 exiguam

99 2909 171 2956 esse
205 2883 447 2980 deprehendet,
481 2893 530 2970 ut
551 2885 739 2983 discrepare
772 2886 878 2982 magis
909 2886 999 2957 inter
1031 2909 1081 2976 se,
1117 2909 1213 2982 quum

98 3011 156 3081 alii
188 3011 272 3082 alios
299 3005 457 3105 superare
490 3010 681 3100 videantur3
718 3036 778 3082 seu
811 3011 952 3107 denique
978 3012 1020 3082 ad
1045 3011 1213 3108 interpre-

98 3149 148 3208 tcs
175 3145 208 3208 et
234 3135 369 3208 criticos
395 3144 535 3207 mentem
563 3137 731 3228 advertat,
758 3139 844 3208 male
870 3161 943 3208 eum
970 3137 1103 3226 habebit
1128 3137 1212 3208 alio·

97 3288 168 3334 rum
192 3288 258 3335 nou
284 3262 485 3334 excusabilis
510 3263 728 3358 negligentia,
755 3264 894 3335 aliorum
909 3261 1008 3333 exilis
1024 3261 1210 3356 diligentia,
1344 3291 1346 3296 ’

97 3389 238 3463 omnium
270 3397 377 3461 autem
408 3390 444 3460 in
478 3389 609 3485 pusillis
635 3389 733 3461 rebus
759 3390 869 3484 potius
896 3413 992 3484 quam
1016 3387 1051 3458 iu
1077 3388 1212 3482 graviu-

96 3516 185 3588 rilrus
210 3517 320 3613 posita
347 3539 438 3586 cura.
490 3516 583 3606 Quos
609 3515 697 3586 inter
723 3515 780 3610 qui
805 3515 922 3586 memte
947 3514 1138 3612 primarium
1155 3514 1210 3584 lo·

96 3665 168 3716 cum
191 3650 302 3732 tenet,
335 3639 383 3712 L.
410 3639 452 3713 G.
485 3640 744 3730 Valckenarius,
770 3640 801 3712 is
827 3649 891 3731 est,
919 3665 1003 3736 quo,
1040 3647 1077 3711 ut
1103 3639 1210 3710 dicam

96 3768 182 3864 quod
216 3769 344 3858 sentio,
382 3761 445 3839 uec
478 3767 608 3840 doctior
638 3767 748 3862 patuit
778 3766 975 3838 Phoenissis
1001 3766 1207 3861 confingere,

95 3913 157 3964 nce
181 3893 238 3986 qui
262 3892 420 3962 lectorem
446 3894 550 3988 magis
577 3892 762 3962 excruciet.
807 3888 973 3960 Immeusa
997 3890 1061 3961 soit
1084 3891 1118 3961 in
1143 3891 1206 3962 illo

96 4016 165 4089 viro
200 4015 298 4110 copia
330 4016 520 4106 doctrinae,
558 4016 792 4110 egregiumque
825 4013 1013 4109 ingenium:
1048 4013 1107 4083 sed
1133 4015 1206 4108 ipsa

94 4142 154 4214 illo
179 4141 228 4214 uis
252 4140 448 4212 cruditionis
474 4140 555 4212 fecit
574 4119 617 4210 'ut
642 4162 682 4210 ea
707 4140 910 4229 abuteretur,
937 4146 971 4208 ct
995 4136 1205 4232 quommodo

95 4267 274 4342 effunderet
309 4289 393 4363 quae
425 4272 463 4338 ut
488 4265 574 4338 seire
601 4263 721 4336 honum
746 4263 803 4354 sit,
829 4271 864 4334 at
888 4261 1017 4335 nescire
1043 4287 1109 4333 nou
1134 4283 1206 4332 ma·

95 4397 159 4468 lum
191 4403 264 4488 est,
308 4392 405 4466 modu
439 4389 639 4466 coniecturis
679 4395 872 4464 attrectaret
910 4411 996 4486 quae
1031 4388 1205 4464 sanissimo
