2996 5136
194 2107 274 2164 1335

799 291 873 364 130

455 471 518 546 oiv’
545 472 688 547 ὑλᾶντα
712 467 812 566 νάπη

455 593 638 692 ποτάμιόν
661 624 701 669 τε
722 596 837 693 χεῦμ’
856 593 1010 672 ὑδάτων

452 716 701 826 Ιβαρύβρομόν
725 751 766 794 τι
790 723 877 818 κῦμ’
904 723 1009 796 ἅλιον

456 842 568 946 πόθῳ
591 853 659 930 τάς
680 847 928 945 ἀποιχομένας

454 967 612 1068 ἀρρήτου
632 967 789 1070 κούρας·

452 1091 615 1193 κρόταλα
649 1095 690 1171 δὲ
720 1093 870 1195 Βρόμια
903 1091 1125 1194 διαπρύσιον

450 1219 552 1295 ἱέντα
577 1219 735 1297 κέλαδον
763 1218 914 1319 ἀνεβόα,

451 1348 584 1443 θηρῶν
609 1345 670 1420 ὅτε
697 1344 846 1450 ζυγίους

452 1464 610 1568 ζευξάσᾳ
635 1473 709 1569 θεᾷ
735 1468 887 1553 σατίνας

448 1595 519 1670 τὰν
545 1594 806 1695 ἁρπασθεῖσαν
831 1595 993 1672 κυκλίων

445 1728 571 1817 χορῶν
592 1723 660 1804 ἔξω
685 1721 904 1818 παρθενίων

447 1844 540 1940 μέτα
566 1853 701 1941 κοῦραι
727 1843 954 1932 ἀελλόποδες,

450 1970 473 2041 ἃ
498 1967 569 2065 μὲν
594 1967 714 2054 τόξοις
726 1971 911 2068 Ἄρτεμις,
945 1969 1036 2044 ἅδ’

450 2096 546 2195 ἔγχει
571 2091 758 2199 Γοργαίπα
784 2095 983 2184 πάνοπλος,

282 2293 556 2308 ,ια-,ιι-

365 2409 456 2464 1322.
502 2402 584 2463 Libri
605 2399 742 2466 ὑλάεντα.
786 2405 823 2466 L.
838 2405 1005 2468 Dinvlorlius
1024 2402 1146 2468 άλᾶντα.
1189 2405 1240 2466 Sic
1254 2407 1387 2487 Aeschy-

279 2486 321 2545 lus
342 2483 446 2562 Agin.
468 2495 538 2550 116.
563 2484 668 2572 άργᾷς.
714 2488 872 2568 Sophocles
895 2489 1016 2550 nondum
1039 2500 1119 2549 certo
1140 2497 1250 2550 constat
1275 2493 1304 2550 in
1324 2492 1387 2551 An·
1490 2495 1491 2504 ’

279 2569 415 2714 iilam·
440 2572 625 2651 scripseritnc
645 2584 676 2632 ut
697 2573 726 2634 in
749 2575 832 2634 libris
852 2575 974 2653 legitor,
997 2593 1033 2634 an
1048 2569 1217 2651 Ἥφαιστον
1238 2573 1387 2636 πεοιιάνθ’

278 2677 291 2714 ε
313 2675 364 2715 &lvi

364 2767 454 2822 1329.
497 2759 567 2822 Par.
593 2762 631 2820 G.
655 2759 730 2822 ὅττι.

362 2876 452 2929 1330.
495 2865 578 2925 Libri
612 2864 735 2942 ζείξασα
771 2865 831 2929 θεά
866 2869 997 2932 σατίναν.
1048 2869 1233 2949 Musgrarios
1261 2873 1387 2932 restituit

278 2951 406 3022 σατίνας.
451 2949 555 3008 Priora
576 2949 663 3009 verba
684 2971 766 3030 quum
788 2953 855 3022 alii,
893 2962 950 3012 turn
970 2952 1125 3015 Elmsleiue
1150 2953 1185 3014 ad
1205 2955 1267 3034 tpt.
1291 2956 1381 3016 Taur.

280 3039 401 3105 153,1.
425 3033 581 3116 infeliciter
600 3042 761 3107 tentarunt,
791 3034 860 3095 sede
884 3036 945 3096 vitii
968 3057 1023 3095 non
1042 3035 1249 3102 animadversa.
1299 3035 1384 3113 Quod

278 3118 418 3178 sententia
445 3127 473 3177 et
495 3127 613 3176 metrum
637 3116 802 3191 iubebant,'
824 3115 951 3204 ζευξάσᾳ
973 3125 1033 3204 θεᾷ
1055 3122 1169 3200 scripsi.

362 3235 452 3290 1333.
496 3219 596 3286 Libri:
619 3221 690 3304 μετά
712 3229 829 3304 κουράν
846 3223 871 3287 δ’
895 3221 1085 3298 άελλὸποδες.
1129 3223 1303 3308 Tyrwhitlus
1320 3225 1384 3286 alii·

274 3329 328 3390 que
350 3316 465 3388 ιιοῦραι.
509 3305 553 3368 Δ’
578 3305 747 3370 eliciendum
770 3329 835 3370 esse
857 3308 929 3372 vidit
949 3309 1115 3390 Plluglrins,
1146 3331 1202 3369 non
1229 3319 1383 3389 perspecta

273 3404 366 3454 temen
387 3395 442 3454 loci
464 3393 585 3454 ratione.

358 3507 448 3564 1335.
485 3498 585 3559 Libri:
608 3496 666 3561 άδ
675 3499 752 3578 ἔγχει
762 3495 866 3582 Γοργά
879 3497 1046 3575 πάνοπλος,
1058 3498 1132 3562 uncle
1146 3499 1254 3562 creduli
1268 3499 1380 3580 quidam

273 3583 429 3664 mythologi
450 3581 609 3644 Minervam
633 3583 668 3644 als
689 3581 829 3664 Euripide
851 3583 950 3662 Gorgo
973 3582 1075 3646 dictam
1096 3583 1290 3646 crediderunt.
1332 3583 1381 3644 Ile

272 3686 360 3728 earo
381 3667 485 3729 dicturi
508 3667 537 3725 in
559 3666 761 3727 dissertatione
783 3667 819 3728 de
841 3668 954 3728 Graeca
974 3667 1119 3730 Minerva.
1171 3667 1325 3739 Matthiae,
1349 3679 1381 3727 nt

271 3770 383 3810 versum
405 3750 550 3832 expleret,
583 3751 615 3812 ἐν
637 3749 713 3832 ἔγχει
739 3745 844 3831 Γοργδ
869 3749 1025 3824 πάνοπλος
1046 3751 1177 3831 scripsit,
1211 3751 1379 3832 sequutiqnc

271 3845 337 3894 sunt
357 3835 475 3898 caeteri.
519 3835 587 3895 Non
608 3833 733 3895 dubitavi
755 3854 809 3913 ego
835 3831 984 3916 Γοργώπα
1004 3830 1149 3909 scribere,
1176 3833 1288 3894 iteratis
1311 3831 1379 3894 ‹lna-

269 3917 322 3977 bns
350 3917 495 3999 sequentis
521 3917 651 3977 vocabuli
673 3917 789 3979 litteris.
835 3917 920 3993 Quod
947 3919 1065 3979 formam
1090 3919 1212 3977 tortasse
1232 3935 1288 3977 non
1308 3917 1377 3978 olibi

268 4013 428 4083 usurpatam
444 4001 576 4084 praetuli,
598 4019 682 4080 quum
697 4001 825 4062 scribere
840 4006 992 4084 yooyoimr
1008 4004 1160 4081 petrorio,
1183 3999 1255 4062 haec
1276 4020 1378 4062 caussa

268 4086 339 4157 luit,
373 4086 448 4168 qnod
477 4089 629 4165 γοργῶπες
651 4082 821 4143 αδίασῑίνσοι
846 4097 906 4158 est,
943 4104 1036 4165 neque
1063 4082 1109 4155 it,
1143 4094 1174 4144 ot
1195 4089 1377 4164 γλαυκῶπις,

266 4168 434 4231 substantivi
457 4169 519 4230 loco
542 4165 599 4228 ‹lioi
622 4167 752 4238 solitum,
788 4168 936 4248 Γοργώπα
957 4180 1050 4229 entem
1072 4169 1288 4230 convenientior
1308 4167 1376 4228 ειιλι·

265 4251 387 4310 stortivo
408 4254 498 4312 forma
521 4260 576 4312 est.
614 4248 661 4310 Dc
679 4251 824 4312 femininis
844 4254 944 4313 formis
965 4255 995 4312 in
1017 4250 1133 4311 dearum
1154 4251 1312 4314 nominibus
1331 4251 1374 4308 vi·

263 4331 371 4394 ‹lentlos
393 4333 558 4395 Lobeclius
580 4335 610 4394 in
634 4333 758 4395 secontia
780 4334 826 4396 etl.
840 4335 940 4396 Aiacis
961 4335 997 4396 ad
1020 4356 1047 4393 v.
1075 4340 1147 4398 175.
1189 4333 1323 4394 Minerva
1343 4343 1374 4392 et

260 4415 355 4476 Diana
385 4418 478 4477 multis
505 4419 693 4477 monunentle
716 4425 839 4479 testatae
859 4422 977 4482 comites
998 4420 1084 4478 liores
1104 4418 1227 4497 legentis
1248 4415 1371 4474 Proser·

258 4503 353 4582 pinse.
399 4499 439 4564 V.
470 4498 622 4560 Welclrori
640 4499 824 4577 ’Ζειλιολνιλλ
839 4504 903 4583 stlr
926 4505 1097 4566 Gackr'clatc
1117 4503 1176 4562 rard
1196 4499 1372 4576 Ααιίεςνινς

1482 4639 1484 4728 l
