3026 5134
794 297 844 372 26

359 489 418 568 ὅδ’
447 489 567 584 ε’στίν,
594 491 870 589 α1χμαλωτίδας

358 619 398 706 ὃς
423 617 508 717 δορὶ
535 615 700 716 Θηβαίας
728 616 970 718 Μυκήναισιν
999 625 1017 660 3

359 751 379 792 *i
406 751 426 792 *i
457 744 627 844 Λερναίη
651 773 691 821 τε
716 743 852 822 δαίσειν
875 748 994 847 τριαί-

355 898 405 969 νηι
433 869 681 958 Ποσιδωνίοις
696 851 963 969 Ἀμυμωνείοις

356 995 490 1087 ὕδασι,
517 995 691 1073 δουλείαν
715 993 928 1098 περιβαλών
934 1029 948 1089 ;

353 1117 511 1220 μήποτε,
536 1116 675 1220 μήποτε
699 1120 881 1214 τάνδ’,
853 1155 884 1200 ω
908 1119 1055 1215 πότνια,

351 1245 757 1349 χρυσεοβόστρυχον
727 1280 758 1325 ω
783 1247 917 1336 Διδς”
896 1280 1002 1352 ερνος
1015 1254 1177 1352 Ἄρτεμι,

361 1369 598 1506 δουλοσύναν
619 1371 760 1474 τλαίην.

590 1610 1013 1689 ΠΑΙΔΑΓΩΓΟΣ.

108 1748 111 1754 ’
181 1754 285 1839 nonai
309 1760 440 1838 τέκνον
444 1815 458 1852 ,
484 1765 597 1861 elafio
613 1763 745 1862 daimon,
771 1761 954 1841 καὶκατὰ
981 1762 1110 1868 στέγας

250 1889 292 1964 ἐν
316 1875 535 1990 παρθενῶσι
560 1888 674 1987 μίμνε
700 1895 803 1981 σοῖς,“
822 1887 903 1966 ἐπεὶ·
923 1885 1050 1966 πόθου

256 2075 518 2097 ..ειν-*ψ

250 2183 347 2251 nescio,
379 2200 456 2257 quum
490 2175 661 2261 ιιαιιίγορος
692 2182 760 2262 apud
791 2182 931 2243 Pindarum
965 2177 1124 2262 inveniatur)
1157 2190 1307 2258 receperunt
1339 2181 1365 2238 id

249 2264 407 2335 anclrins,
426 2266 570 2338 Porsenna,
579 2270 693 2371 aliique.
736 2268 897 2327 scholiastae
918 2273 1118 2370 interpretantur
1131 2259 1366 2369 μεγαλοφροσύ-

248 2352 311 2424 νην,
333 2345 518 2452 poyeiodppp
507 2343 693 2432 μοσιίνηι,η
673 2346 766 2432 ἤμουν
785 2345 1060 2433 μεγαληγορίαν.”
1041 2371 1177 2428 ειιαρσιν,
1190 2345 1367 2423 ἀλαζονείαν

248 2425 454 2514 υνιερὴφανον.
476 2432 696 2517 υιιερηφοινίαν,
713 2435 929 2516 μεγαλαυχί,αν
950 2433 1132 2506 κενοδοξί.αν
1175 2435 1249 2501 tineo
1271 2441 1366 2505 omnia,

249 2523 317 2577 sicut
345 2525 421 2577 etiam
455 2520 619 2592 Eustathins,
646 2524 769 2582 librorum
802 2527 955 2601 scripturam
983 2523 1143 2580 confirmant.
1196 2520 1255 2578 Nec
1281 2519 1366 2588 video,

248 2603 310 2679 qnid
332 2602 468 2682 displicere
488 2611 580 2684 possit,
602 2611 626 2664 si
647 2600 784 2686 εδιιῆχεις
802 2612 909 2687 χεῖρες,
927 2604 1114 2683 καλλίπηχυς
1134 2601 1280 2681 βραχίων,
1290 2604 1366 2664 καλ

248 2685 280 2746 λί
274 2707 372 2767 χειρες
393 2684 511 2762 thidum,
534 2699 611 2767 atqua
632 2694 685 2750 alia
705 2693 855 2750 huiusmodi
877 2713 893 2750 a
914 2696 1020 2794 tragicis
1041 2691 1201 2749 dictasunt.

335 2771 406 2833 188.
427 2769 563 2835 Libri:
546 2797 580 2845 ος
608 2773 676 2853 δορί
711 2773 820 2852 Θηβαί
818 2797 854 2846 ιις
877 2769 1056 2850 Μυκήναισι
1078 2770 1166 2854 (Flor.
1189 2774 1219 2836 2.
1242 2772 1291 2834 10.
1313 2771 1365 2834 33.

246 2852 458 2960 Moeteana)
480 2856 623 2936 Αερνοιίο
643 2879 675 2919 τε
696 2853 804 2919 δώσειν
822 2856 955 2942 τριαίνιι,
966 2856 1200 2929 Ποσειδωνείοις
1215 2853 1364 2934 Ἀμυμω-

246 2939 335 3012 ιείοις
356 2939 469 3019 (aliquot
490 2943 564 3002 codd.
585 2919 803 3013 Ποσειδωνίοις
825 2953 852 3002 et
867 2919 1098 3021 Ἀμυμωνίοις)
1121 2937 1212 3004 ildmnr
1225 2940 1365 3004 δουλείαν

246 3021 430 3103 περιβολαίν.
475 3029 509 3085 Et
535 3033 663 3088 sententia
690 3038 716 3088 et
743 3037 850 3088 metrum
879 3029 1027 3100 ostendunt,
1047 3033 1151 3088 verbum
1173 3028 1311 3098 excidisse,
1332 3049 1366 3088 ex

246 3131 298 3188 ηιιο
320 3112 441 3188 penderet
462 3106 578 3173 δαίσειν.
600 3114 776 3174 Scholiastos:
798 3110 834 3173 τὸ
856 3107 934 3192 ἑξῆς,
955 3106 1005 3173 ὅδ’
1030 3106 1149 3174 ἐστίν
1132 3135 1167 3184 ος
1187 3108 1366 3214 διαγγέλλε-

245 3191 296 3254 ται
319 3191 443 3298 νιολίμῳ
464 3197 604 3258 δουλείαν
630 3195 822 3280 περιβάλλων
842 3195 1071 3278 αἰχμαλωτίδας
1090 3203 1235 3302 γυναῖκας
1256 3189 1366 3256 δαίσειν

245 3274 426 3384 Marcionem
446 3280 589 3388 Aspauia
609 3305 641 3345 τε
663 3283 783 3389 τριαίνᾳ
803 3289 867 3356 ταῖς
883 3283 1080 3355 Ποσειδῶνος
1100 3281 1151 3342 καί
1170 3273 1366 3359 Ἀμυμώνης

244 3355 761 3441 δδιιοι.ι111ιιειοίτοςδστίν“ος
788 3365 906 3428 δαειλει
929 3361 1069 3448 δηλονότι
1092 3359 1201 3428 δαίσειν
1220 3362 1277 3436 τὰς
1297 3363 1364 3444 Θη

243 3447 337 3525 βαίας
356 3456 503 3528 γυναικος
524 3462 572 3510 ete.
623 3455 654 3511 ln
676 3456 735 3512 aliis
757 3455 863 3512 scholiis
884 3457 945 3512 item
968 3455 1001 3512 ad
1022 3456 1217 3530 explicationem
1240 3451 1365 3510 adiiciun-

244 3544 286 3590 tur
307 3529 426 3592 ἀπειλεῖ
442 3537 486 3593 vel
508 3530 761 3613 ίααιιειλοιίμενος
786 3540 828 3596 rel
849 3531 1112 3642 ἐπαγγελλόμενος.
1134 3538 1214 3596 Recta
1235 3535 1366 3596 Matthiae

243 3625 304 3694 post
324 3611 524 3696 Μυκήναισιν
543 3621 672 3680 excidisse
693 3617 874 3682 intellexit*
841 3643 968 3701 ευχεται.

331 3700 401 3763 189.
422 3705 523 3763 Locum
551 3725 618 3776 esse,
645 3710 687 3785 qui
716 3708 800 3766 dietus
827 3715 863 3768 sit
888 3705 1031 3788 Λερναία
1060 3702 1191 3785 τρίαινα,
1215 3707 1363 3764 anctorihru
1419 3747 1428 3784 3

243 3787 385 3846 scholiasta
412 3796 438 3846 et
458 3789 553 3848 Nonne
576 3791 650 3850 Vlll.
673 3791 744 3852 242.
767 3794 920 3852 monuitll.
944 3793 1094 3871 Ungerus
1086 3811 1113 3850 m
1135 3790 1269 3851 Thebanis
1289 3809 1364 3866 para·

243 3871 319 3930 doxis
348 3875 400 3933 vol.
428 3873 450 3932 1.
479 3895 503 3952 p.
534 3873 603 3935 193.
632 3880 675 3953 qni
698 3876 729 3936 de
751 3883 827 3936 reios
849 3878 982 3936 Thebanis
1004 3886 1031 3936 et
1052 3877 1252 3956 diligentissime
1274 3883 1299 3932 et
1321 3893 1363 3932 co·

242 3957 391 4032 piosissimo
413 3965 540 4036 exposuit.
563 3963 676 4020 Pictoris
699 3974 724 4023 et
745 3967 959 4022 commentatione
981 3962 1058 4021 docta
1076 3958 1363 4031 t'ahnlametmymonae

240 4043 382 4100 illustrarit
403 4043 465 4102 Otto
487 4045 594 4104 lahnius
616 4051 643 4106 in
664 4049 795 4108 Vesorum
815 4052 926 4127 picturis
948 4047 1093 4126 Hamhurgi
1115 4048 1193 4106 editis
1215 4065 1239 4104 a.
1264 4041 1360 4104 1839.

241 4146 299 4203 cap.
321 4127 354 4185 V.

328 4209 397 4272 199.
418 4213 494 4272 Lihri
519 4212 738 4287 Ποσειδωνίοις
763 4217 805 4274 rel
832 4211 1074 4285 Ποσειδωνείοις.
1118 4214 1145 4273 A
1171 4215 1265 4272 Grotin
1293 4213 1359 4270 male

241 4297 341 4355 illatum
368 4295 583 4369 Ποσειδανίοις
611 4300 1089 4368 servamntssmnektuo‚1>0rmnna‚
1113 4297 1252 4358 Matthiae.
1295 4297 1359 4356 Ter·

240 4385 404 4440 minationem
432 4389 459 4442 in
487 4403 533 4444 roc
559 4403 592 4442 ex
614 4385 698 4455 nom.
721 4383 760 4442 M.
782 4403 807 4460 p.
831 4382 900 4456 223,
922 4378 973 4444 63.
987 4388 1142 4444 monstravit
1160 4383 1361 4442 Valckenarius.

240 4464 355 4607 dpetrom
383 4470 481 4545 epicam
508 4470 617 4526 formam
645 4464 852 4541 Ποσιδωνίοις
871 4473 1025 4548 requirebat.
1068 4469 1184 4528 Vemh.
1204 4463 1360 4528 Ποσειδα-

240 4569 354 4609 νοισιν.
