3028 5136
654 299 705 373 97

536 533 808 610 ΠΗΛΕΥΣ.

522 687 822 790 ἀντιοτροφή.

222 852 253 931 ἀι
279 852 401 959 γάμος
408 909 420 943 ,
448 851 479 930 ὦ
504 853 643 958 χάμος,
675 857 717 940 ὃς
741 854 833 934 τάδε
859 856 1018 957 δώματα
1241 875 1324 940 1155

220 979 285 1054 καὶ
310 976 419 1056 πόλιν
440 981 601 1070 ὤλεσας,
625 982 783 1070 ὤλεσας,
811 980 935 1082 ἀμάν,

221 1109 323 1201 eloi,
349 1111 448 1194 αλαῖ,
473 1103 504 1180 ὦ
523 1111 613 1195 παῖ,

219 1225 362 1327 μήποτε
388 1237 467 1306 σῶν
492 1229 627 1326 λεχέων
651 1229 695 1308 τὸ
721 1229 949 1330 δσςιόνυμον

221 1353 340 1453 ὤφελ’
367 1351 450 1451 ἐμοὶ
470 1355 582 1459 μόρας
606 1361 657 1440 alc
678 1356 790 1433 τέκνα
812 1357 878 1434 καὶ
902 1355 1022 1457 δόμον

220 1478 508 1578 ἀμφιβαλέσθαι

138 1633 139 1636 ’
215 1599 410 1703 Ἑρμιόνας
434 1603 550 1680 ἀΐδαν
574 1603 633 1680 ἐπὶ
654 1603 732 1693 σοὶ,
758 1605 907 1694 τέκνον,

202 2020 295 2083 1155.
338 2015 409 2077 Art.
440 2019 505 2078 rell.
535 2007 686 2103 ἀγάμος,
717 2007 876 2101 airinom.
902 2014 936 2093 ὃς
955 2014 1024 2081 τάδε
1045 2014 1163 2122 δόμοιο
1183 2019 1234 2082 καλ

117 2095 205 2164 πόλιν
225 2097 305 2180 elpis
325 2096 442 2174 ὤλεσας.
483 2101 569 2162 Lasc.
592 2114 622 2163 et
643 2104 772 2183 plerique
786 2102 861 2161 Mss.
880 2098 961 2181 ἐμάν.
1005 2101 1064 2162 Pro
1085 2101 1231 2179 (levantem

57 2206 59 2209 ·
118 2184 189 2244 Par.
213 2184 253 2244 D.
277 2185 372 2245 Havn.
397 2180 446 2257 ὥς.
489 2185 623 2245 Lacenae
649 2187 732 2264 signa
758 2196 823 2244 ante
845 2175 870 2246 oi
892 2181 986 2267 γάμος
1004 2185 1146 2262 Matthiae
1168 2187 1232 2246 alii-

139 2289 174 2328 ue
201 2278 367 2348 posueruut.
411 2267 494 2327 Nihil
515 2264 614 2342 deest,
646 2268 697 2327 sed
719 2269 927 2346 strophieorum
950 2280 1103 2330 metrorum
1125 2269 1231 2329 indicio

119 2356 229 2425 ωλεσας
249 2352 421 2431 geminatum
443 2361 509 2410 ante
531 2346 610 2431 ἀμάν
631 2363 694 2411 erat
713 2348 920 2412 collocandum.

202 2469 296 2533 1157.
338 2465 409 2528 ΑΙδ.
432 2478 533 2548 quater
552 2459 592 2530 el.
634 2467 721 2528 Lase.
745 2479 775 2526 et
796 2466 879 2526 codd.
903 2460 991 2532 alal
1003 2465 1064 2530 ll.

202 2584 295 2647 1158.
340 2582 440 2643 Libri:
465 2579 574 2686 μήποτε
595 2587 656 2645 σῶν
675 2579 778 2662 λεχέων
798 2577 832 2646 τό
854 2577 1026 2662 δοςάνομον
1046 2574 1137 2660 ὤφελ’
1159 2577 1232 2662 ἐμόν

118 2663 202 2749 γένος
222 2665 264 2739 εἰς
282 2663 368 2728 τέκνα
388 2666 439 2729 καλ
463 2668 557 2748 δομον
577 2662 796 2746 ἀμφιβαλέσθαι
814 2661 969 2747 Ἑρμιόνος
983 2661 1086 2726 Ἀΐδαν
1107 2663 1155 2726 ἐπὶ
1175 2663 1232 2740 ool,

119 2747 221 2810 τέκνον
228 2794 238 2824 ,
260 2750 314 2808 nisi
337 2749 412 2829 quod
432 2750 513 2811 Flor.
534 2748 574 2810 A.
596 2751 645 2814 10.
663 2749 753 2810 Taua.
772 2750 869 2810 Gutcll.
896 2750 991 2810 llavu.
1014 2742 1126 2825 ὤφελ’.
1168 2748 1231 2806 Ho-

119 2852 182 2891 rum
205 2832 233 2889 in
254 2833 443 2911 explicatione
469 2834 619 2894 verborum
641 2854 697 2892 non
719 2833 876 2893 mirandum
898 2832 1037 2913 estquod
1058 2843 1088 2891 et
1109 2831 1232 2890 scholia-

119 2926 180 2974 stae
195 2914 277 2974 valde
293 2915 470 2995 trepidarunt
485 2937 537 2976 nee
552 2918 727 2976 recentiores
743 2919 912 2998 interpretes
932 2936 963 2976 se
982 2914 1116 2997 expedire
1131 2926 1231 2994 potue-

119 3009 196 3058 runt.
238 2993 324 3078 Ἐμοὶ
338 2999 441 3060 Beckii
462 3002 626 3060 coniectura
644 3010 698 3059 est.
743 2998 827 3060 Unde
844 3000 965 3061 Bothius
981 2995 1075 3077 άφελό
1093 3021 1143 3078 μοι
1159 2999 1231 3057 scri-

119 3083 187 3161 psit,
204 3082 246 3141 sie
260 3081 348 3142 verm
363 3085 488 3143 construi
504 3084 614 3155 volens,
638 3078 746 3162 μήποτε
758 3082 842 3164 γένος
861 3089 921 3145 σῶν
936 3082 1047 3186 λεχέων,
1067 3076 1231 3161 Ἑρμιόνος,

118 3159 152 3226 τό
174 3160 345 3244 δυςιόνυμον
366 3167 407 3238 εἰς
428 3163 579 3230 aleranni
595 3161 696 3244 δόμον,
718 3161 937 3245 ἀμφιβαλέσθαι
955 3171 1066 3243 ωφελεν
1081 3160 1168 3224 ἀΐδαο
1184 3163 1232 3225 ἐπὶ

119 3245 184 3322 σοί,
207 3247 236 3306 id
257 3259 288 3306 ut
309 3250 361 3321 sit,
383 3271 477 3328 genas
496 3261 562 3309 tare
579 3251 726 3324 contegas,
750 3247 935 3317 Hermiones,
959 3248 1114 3326 aasaastum
1132 3247 1232 3306 lallcrr's

118 3342 149 3391 ct
170 3341 231 3391 tota
247 3333 340 3404 domo,
359 3344 481 3412 prepter
499 3336 618 3392 Oresten
634 3341 664 3391 et
679 3333 824 3392 Electram
840 3332 1019 3400 nenessitas,
1036 3331 1146 3406 Pelopis
1161 3349 1231 3407 per·

109 3415 241 3492 fidelem„
258 3418 349 3476 Atrei
370 3418 585 3488 crudelitatem,
608 3416 830 3492 Agamemnonis
853 3425 882 3474 et
905 3414 1035 3474 Menelai
1053 3412 1154 3471 bellum
1176 3413 1231 3471 da-

119 3499 261 3556 re‘sst'mam
284 3500 421 3558 aduersus
442 3502 567 3561 Troiam.
611 3498 676 3556 Hoc
697 3497 809 3578 quidem
831 3499 893 3557 fieri
911 3518 966 3556 non
982 3507 1086 3575 potest,
1111 3515 1166 3552 non
1184 3515 1230 3554 so-

120 3575 179 3638 lum
201 3591 318 3660 propter
338 3583 421 3640 nimis
443 3580 542 3640 durum
560 3581 752 3661 hyperbaton,
777 3583 903 3662 quumvis
924 3582 1009 3639 ctiam
1026 3580 1061 3638 ab
1078 3579 1231 3638 scholiasta

119 3660 289 3735 admissum,
313 3684 369 3742 quo
393 3669 452 3726 σῶν
472 3663 574 3744 λεχέων
592 3684 645 3744 per
658 3660 812 3747 Ἑρμιόνας
828 3665 1002 3744 explicetur,
1025 3682 1122 3722 verum
1145 3663 1229 3720 ctiam
1336 3654 1342 3665 ’

121 3743 212 3824 quod,
237 3747 262 3804 si
283 3744 400 3806 Atridas
418 3749 593 3828 maximeque
610 3747 784 3809 Orestcnin
802 3760 895 3808 mente
920 3747 1005 3806 habet
1025 3745 1140 3816 Peleus,
1166 3763 1230 3802 cum

121 3825 168 3886 hie
197 3829 291 3908 inepte
323 3826 495 3910 δυςάνυμον
524 3832 566 3903 εἰς
585 3830 671 3893 τέκνα
690 3831 741 3894 nal
762 3827 856 3910 δόμον
876 3840 1003 3890 vocaret.
1047 3827 1122 3887 Vitii
1143 3827 1231 3904 potis-

121 3909 192 3970 sima
219 3911 301 3972 sedes
332 3925 430 3992 aperte
456 3915 527 3974 latet
553 3916 581 3972 in
603 3912 698 3997 φόνος,
729 3913 803 3994 quod
831 3933 883 3972 ncc
905 3912 940 3971 de
961 3911 1096 3970 Menelao
1118 3927 1170 3968 nec
1194 3905 1230 3964 ‹lc

120 3993 311 4073 Neoptolemo
343 3995 401 4056 dici
427 3999 552 4077 potuisse
581 4009 708 4076 apertum
737 4008 791 4056 est.
841 3996 874 4055 ld
904 3992 1083 4054 scribendum
1105 4001 1149 4049 cst
1170 3993 1231 4050 σῶν

120 4075 223 4156 λεχέων
244 4074 277 4140 τό
298 4075 469 4159 δυςάνυμον
490 4079 553 4159 leel
573 4079 659 4161 χέρας
678 4080 720 4153 εἰς
734 4077 820 4142 τέκνα
834 4078 885 4140 uni
901 4074 1000 4156 δόμον.
1042 4075 1087 4134 Εο
1103 4084 1147 4132 est
1163 4071 1230 4131 mali

121 4162 223 4219 ominis
246 4181 346 4222 nomen
369 4164 475 4223 habens
496 4162 716 4234 Andromacha,
746 4182 818 4240 quac
839 4161 1030 4239 Neoptolemo
1051 4156 1136 4240 χέρας
1157 4152 1230 4228 ἐξαί-

119 4265 218 4324 ρετον,
243 4255 275 4302 ut
295 4265 322 4304 ν.
343 4246 393 4308 lt.
417 4245 522 4306 dictum
544 4256 603 4317 cst,
629 4245 780 4323 obtigerat.
825 4245 924 4323 ltaque
947 4243 1001 4300 hoc
1018 4240 1088 4300 dicit
1103 4238 1227 4298 Peleus:

120 4329 229 4386 attritam
250 4347 287 4388 ne
308 4331 383 4388 male
403 4333 555 4390 omanorum
576 4331 649 4389 malai
667 4331 696 4388 r’n
714 4329 819 4388 liberos
835 4339 866 4386 ct
879 4328 989 4385 domam
1006 4344 1095 4383 meam
1114 4324 1175 4382 tori
1189 4323 1235 4380 tui

117 4412 276 4488 precmrirm
298 4431 395 4471 necem
419 4413 457 4472 ab
477 4417 632 4474 Hermiona
656 4413 825 4472 destinatam
847 4414 876 4471 ι’νι
900 4421 928 4472 tc
944 4409 1157 4478 transtulisset,
1180 4405 1232 4463 scd

117 4495 202 4570 prius
214 4492 342 4572 salrninc
359 4515 526 4573 percussum
548 4499 701 4558 interesset.

101 4581 105 4592 '
161 4589 391 4653 Eunrrrnas
413 4594 640 4658 Andromache.
1009 4593 1031 4652 7
