3012 5130
672 295 721 368 63

143 476 278 577 θρέψοι
302 475 423 578 μέγαν
446 473 564 560 τοῖςδ
590 474 742 574 ἐχθρόν.
777 481 808 552 ei
832 475 874 551 δ’
901 477 1000 572 ἀπῆν
1025 478 1134 580 δορὸς

141 608 220 685 τοῖς
245 595 502 698 Σπαρτιάταις
524 595 617 684 δόξα
640 600 705 678 καὶ
726 597 848 699 μάχης
873 599 996 705 ἀγών,

140 725 248 802 τᾶλλ’
275 725 381 808 ὄντες
404 727 482 800 ἴστε
505 721 667 821 μηδενὸς
689 724 884 822 βελτίονες.

585 926 667 1001 XO
675 929 710 999 Ρ
718 925 749 1004 Ο
756 930 805 1000 Σ.

143 1055 337 1154 ἀνειμένον
359 1083 395 1129 τι
418 1061 546 1154 χρῆμα
571 1059 793 1157 πρεσβυτῶν
816 1057 940 1161 γένος,
1001 1135 1004 1144 ,

143 1182 204 1256 καὶ
228 1175 488 1280 δυςφόλακτον
513 1181 723 1282 ὀξυθομίας
746 1181 832 1258 ὕπο.

513 1369 564 1440 Μ
569 1369 603 1440 Ε
608 1371 684 1442 ΝΕ
690 1367 731 1440 Λ
735 1372 772 1441 Α
783 1370 870 1443 ΟΣ.

140 1497 239 1598 ἄγαν
264 1495 461 1595 προνωπὴς
484 1502 536 1582 sir
559 1498 602 1576 τὸ
629 1499 807 1599 λοιδορεῖν
832 1499 951 1599 φόρει·

138 1618 212 1725 ἐγὼ
238 1618 279 1696 δι’
302 1619 395 1720 πρὸς
417 1619 511 1719 βίαν
533 1621 622 1716 μέν,
649 1629 699 1708 εἰς
723 1622 857 1698 Φθίαν
879 1618 1026 1721 μολιόν,

137 1745 221 1822 οὔτ’
248 1742 317 1821 οὖν
341 1775 377 1820 τι
400 1741 530 1845 δρόσοι
556 1753 725 1847 φλαῦρον
750 1749 835 1825 οὔτε
860 1745 1043 1845 πείσομαι.

136 1868 201 1944 καὶ
224 1875 297 1945 νῦν
317 1869 406 1967 μέν,
432 1870 478 1946 οὐ
500 1868 574 1973 γὰρ
599 1873 777 1974 ἄφθονον
803 1869 938 1970 σχολὴν
964 1874 1055 1968 ἔχω,

137 1991 266 2092 ἄπὲιμ’
292 1996 329 2077 ἐς
353 1998 495 2079 οἴκους·
523 1997 598 2071 ἔστι
624 1994 698 2100 γάρ
722 2027 784 2088 τιςΙ
802 1999 847 2074 οὐ
872 1993 1002 2096 πρόσω
1242 2005 1313 2070 ,720

136 2116 317 2222 Σπάρτης
341 2115 445 2203 πόλις
468 2147 543 2209 τις,
568 2122 590 2216 ἢ
615 2122 687 2221 πρὸ
714 2130 783 2199 τοῦ
806 2121 878 2221 μὲν
899 2119 947 2218 ἦν
972 2119 1080 2220 φίλη,

138 2403 291 2463 sedetiam
314 2404 381 2482 quia
401 2405 533 2462 usitatum
561 2404 589 2464 in
609 2403 742 2464 minando
764 2415 807 2465 est
836 2403 885 2468 ἔτι.
929 2404 1085 2484 Sophocles
1113 2401 1164 2463 Αἰ.
1186 2404 1239 2466 98.

136 2482 204 2560 o‘ign'
236 2482 340 2548 οὔποτ’
364 2481 480 2549 Atevo’
512 2483 573 2548 οἵδ’
605 2483 777 2567 ἆτιμόσουσ’
809 2487 857 2549 ἔτι.
899 2487 1009 2546 Eiectr.
1033 2491 1085 2553 65.
1110 2482 1150 2560 ὥς
1169 2481 1239 2565 πόμ’
1278 2549 1281 2554 ,

133 2569 250 2650 ἐπαυχῶ
269 2570 354 2649 τῆςδε
368 2575 421 2649 τῆς
441 2564 540 2733 pp'prpc
558 2565 616 2633 όπο
636 2566 789 2651 δεδορκότ’
802 2570 920 2652 ἐχθροῖς
936 2566 1041 2652 ἄστρον
1061 2565 1101 2642 δός
1115 2565 1242 2648 λάμψειν

134 2653 184 2715 in.
232 2652 339 2712 Traeis.
362 2654 435 2716 250.
513 2649 572 2733 μὴν
600 2649 651 2717 τὸν
679 2651 834 2738 όγχιοιῆρα
862 2655 948 2717 τοῦδε
974 2659 1027 2715 sori
1049 2649 1169 2725 πόθους
1189 2648 1242 2727 ξὺν

134 2735 220 2801 παιδὶ
240 2735 291 2799 καὶ
309 2733 426 2817 γυναικὶ
447 2732 603 2800 δουλιόσειν
622 2737 671 2801 ἔτι.

216 2843 291 2905 711.
330 2841 572 2903 Aouoisronismns
594 2846 640 2904 hic
661 2856 716 2904 est.
764 2843 840 2904 Nom
862 2843 912 2902 iiia
933 2841 1138 2922 Spartanorum
1159 2841 1241 2900 iorti-

133 2924 202 2984 todo
223 2925 259 2983 ah
281 2923 444 2984 Heraclidis
466 2938 496 2984 et
515 2926 649 3007 Lycurgo
672 2925 752 2988 ducit
771 2928 921 3005 originem.

215 3029 290 3094 714.
334 3031 537 3094 (inclutam.
560 3033 629 3096 Ata.
651 3036 715 3096 reli.
740 3033 825 3093 Laso.
850 3045 879 3093 et
901 3035 949 3112 qni
970 3033 1022 3092 hos
1043 3032 1123 3091 chori
1141 3049 1240 3090 versus

133 3115 217 3190 affert
245 3113 385 3174 Stohaeus
410 3114 518 3178 cxvi.
540 3119 592 3178 37.
623 3111 774 3197 ἆνείμενόν
798 3139 826 3178 τι
845 3121 941 3200 χρῆμα
959 3116 1128 3196 πρεσβυτῶν
1147 3113 1239 3198 γένος.

131 3196 202 3257 Par.
220 3196 260 3256 A.
278 3197 315 3256 B.
334 3197 414 3258 Fies.
431 3198 471 3258 A.
484 3199 534 3262 10.
547 3201 595 3261 15.
615 3200 714 3262 ·Havn.
739 3199 796 3278 ἔφυ
817 3220 868 3280 pro
889 3197 981 3282 γένος,
1003 3197 1078 3278 quod
1098 3197 1239 3256 Matthiae

132 3282 238 3360 aliique
255 3292 433 3360 receperunt.
465 3282 626 3341 Brunokius
643 3284 759 3342 aiteram
777 3283 936 3353 lectionem,
960 3281 1092 3351 Stobaei‚
1124 3281 1243 3358 opin0r‚.

133 3365 310 3443 maximeque
330 3365 516 3427 Vulekenarii
537 3365 573 3426 nd
593 3364 704 3426 Phoen.
721 3367 794 3430 20⁶.
817 3367 986 3426 auctoritate
1008 3374 1110 3433 motus,
1133 3363 1234 3422 tenuit.

131 3446 205 3508 Eam
232 3446 344 3508 ridetur
364 3447 449 3508 etiam
472 3449 638 3511 scholiastes
668 3449 811 3508 habuisse.
863 3450 936 3510 Utru
957 3448 992 3506 ab
1013 3445 1150 3526 Euripide
1172 3467 1238 3525 pro·

131 3531 209 3590 fecta
229 3532 285 3603 sit,
311 3542 391 3592 certo
412 3531 469 3592 diei
490 3533 598 3612 nequit,
622 3534 677 3594 nisi
700 3533 783 3592 iaeiie
805 3533 867 3592 fieri
888 3533 980 3611 potuit
1000 3542 1032 3589 ut
1053 3527 1109 3608 ἔφυ
1131 3531 1238 3590 scribe·

131 3625 177 3672 ret
205 3614 307 3692 aliquis
336 3614 485 3687 librarius,
523 3616 602 3676 euius
631 3617 783 3678 memoriae
813 3613 1012 3681 obversaretur
1041 3633 1138 3676 versus
1163 3615 1235 3678 181.

131 3697 231 3776 ltaque
251 3715 307 3774 ego
328 3714 439 3776 quoquo
458 3697 625 3760 servandum
647 3700 742 3779 putavi
762 3698 853 3781 γένος.

213 3803 287 3866 ⁷18.
331 3801 400 3862 Par.
424 3801 464 3863 Α.
488 3806 582 3864 Havn.
604 3811 727 3884 φαῦλον.

213 3907 286 3970 721.
332 3909 457 3989 Repetiti
477 3909 521 3984 τὶς
541 3914 685 3991 exempla,
709 3931 781 3992 quae
803 3909 948 3969 Porsonus
969 3909 998 3967 in
1019 3904 1154 3966 addendis
1175 3907 1236 3966 He-

131 3989 221 4049 cubae
243 3988 278 4049 ad
301 4013 328 4051 v·
354 3995 446 4056 1161.
470 3995 574 4066 attulit,
599 4015 654 4052 non
676 4005 793 4074 possunt
814 4005 891 4052 recte
914 4009 976 4050 eum
999 3992 1053 4050 hoe
1075 3991 1137 4048 ioco
1159 4009 1236 4049 com·

130 4074 242 4151 parari,
274 4085 306 4134 ut
334 4077 362 4133 in
392 4077 492 4154 quibus
521 4097 577 4136 non
604 4076 638 4136 de
668 4077 765 4136 eadem
787 4095 908 4156 persona
935 4075 979 4135 his
1000 4073 1105 4135 dictum
1126 4074 1164 4132 sit
1183 4073 1235 4146 τίς.

130 4156 188 4214 Ηίο
210 4159 306 4217 neseio
335 4179 371 4217 an
392 4158 544 4239 Euripides
571 4161 626 4218 ista
654 4160 821 4238 repetitione
850 4157 1065 4236 trepidationem
1087 4155 1234 4237 quamdam

128 4238 257 4298 Menelai
278 4243 436 4320 exprimere
456 4245 594 4314 voluerit,
631 4261 667 4301 ex
689 4254 816 4320 tempore
838 4251 1014 4320 praetextum
1035 4242 1155 4319 aliquem
1179 4241 1236 4301 cir·

130 4324 358 4402 cumspieientis‚
390 4344 447 4403 quo
476 4346 506 4386 se
536 4327 679 4404 praesenti
707 4325 834 4403 periculo
863 4321 1010 4384 subducat.
1052 4322 1234 4386 Neroneo

130 4405 191 4463 siae
220 4425 321 4466 nnuma
348 4408 402 4466 hoe
429 4420 459 4467 et
486 4430 541 4468 non
571 4410 627 4468 elio
657 4418 804 4488 praetextu
833 4415 956 4466 utentem
986 4402 1098 4467 videtur
1118 4404 1232 4474 fecisse.

129 4485 202 4547 Veri
217 4489 309 4549 simile
322 4502 367 4549 est
381 4492 455 4550 enim
472 4493 604 4571 scriptam
616 4511 678 4552 esse
691 4488 919 4550 Andromachum
935 4486 1049 4566 Olymp.
1061 4487 1230 4558 LXXXIX.
