2974 5138
779 287 832 342 llll

254 464 385 554 nautam
409 476 483 530 esee
508 455 671 549 Troiam,
694 455 951 554 Menelaumque
975 481 1042 530 non
1068 479 1141 529 eeee
1164 456 1268 552 Argia
1292 481 1355 528 neo

254 574 400 673 Spartae
416 573 547 648 Helena
563 583 755 672 eognoscat.
793 572 871 647 Non
893 581 1024 670 potarat
1043 573 1104 644 illa
1125 572 1254 669 quidem
1271 573 1356 646 naec

254 693 296 764 ab
311 691 486 783 Theonoe,
502 695 649 788 quamuis
667 715 784 790 gnara,
799 692 964 788 accipere,
976 689 1065 787 quod
1080 689 1166 762 hano
1178 689 1276 762 fratri
1291 713 1355 762 auo

253 832 321 882 non
343 809 511 882 aduersari
532 810 681 884 (lacebat.
726 809 775 882 At
798 816 930 906 poterat
953 808 1081 882 nomnio
1102 808 1242 881 moneri.
1282 805 1356 881 Seu

253 927 407 1021 Teucer,
439 935 476 1000 ut
500 928 566 1000 leui
590 935 766 1025 praetextu
793 926 898 1018 uenit,
933 927 1140 1025 quaesitume
1164 949 1209 997 ex
1234 921 1357 996 'l'loeo-

251 1069 317 1118 noa
345 1045 474 1118 itineris
497 1045 778 1142 designationem,
807 1043 857 1116 oio
885 1067 923 1118 re
946 1045 1072 1118 inlecta
1092 1043 1181 1134 anit,
1211 1042 1355 1114 monitus

252 1165 293 1236 alu
313 1161 457 1256 Heleno,
482 1162 625 1236 interlioi
645 1160 796 1237 Graeooe
815 1161 1113 1258 a'l'heoolymeuo.
1161 1157 1250 1231 Illud
1274 1182 1354 1231 uero

250 1289 343 1354 rente
365 1281 446 1354 feeit
470 1278 668 1379 Euripides,
701 1305 800 1378 quum
826 1280 928 1353 semel
953 1278 1123 1352 'l'euomm
1146 1275 1355 1349 introduxis-

251 1407 319 1492 set,
344 1406 382 1471 ut
398 1399 431 1471 ei
452 1423 488 1471 se
508 1422 575 1470 nou
592 1397 853 1496 cognoscendum
867 1399 1042 1496 praeberet
1056 1394 1199 1468 Helena.
1225 1391 1356 1490 Cogni-

249 1525 317 1590 tam
343 1517 430 1588 enim
450 1515 649 1590 abduxisset
672 1541 783 1590 eeoum
805 1515 953 1590 Teucer.
1002 1513 1086 1590 Iule
1115 1517 1260 1588 lamenta
1278 1511 1355 1586 He·

250 1636 347 1708 lenae
380 1642 414 1706 et
444 1634 559 1727 olori,
591 1634 648 1732 qni
680 1642 731 1708 est
756 1661 801 1708 ex
826 1635 966 1733 captivis
995 1633 1177 1730 virginium
1206 1629 1355 1728 Sparta-

250 1753 315 1824 uie.
356 1751 393 1824 le
418 1751 593 1844 Helenam,
612 1753 740 1850 perisse
764 1760 934 1850 putantem
958 1751 1162 1842 Menelaum,
1188 1747 1354 1847 quamde

249 1877 356 1943 monte
379 1869 444 1940 sili
469 1869 705 1942 eoneeisoenda
729 1871 915 1968 cogitaret,
941 1869 1154 1961 consolatur,
1173 1867 1353 1964 suadetque

250 1995 287 2059 ut
320 2010 364 2059 ex
397 1983 562 2060 Theonoe
594 1994 751 2084 quaerat,
790 1995 981 2060 mortuueue
1011 1988 1056 2061 sit
1085 1987 1145 2059 ille
1177 2009 1220 2058 an
1252 1986 1354 2059 uiuat.

249 2103 349 2176 Tum·
367 2105 487 2178 iterum
510 2106 655 2178 lumenta
678 2104 772 2180 olori
796 2113 830 2178 et
852 2102 1016 2197 Helenae,
1042 2127 1117 2178 oum
1137 2105 1255 2202 quibus
1279 2104 1354 2176 olie-

250 2222 383 2296 oedunt.
434 2221 553 2295 Vaona
582 2232 617 2296 et
642 2245 743 2297 auena
773 2231 807 2296 et
833 2223 1005 2298 oroleetra
1029 2222 1205 2298 Menelaus
1227 2223 1353 2320 prodit,

247 2339 448 2436 naufragus,
472 2340 586 2413 laoera
610 2349 644 2414 et
668 2341 833 2438 squallida
857 2349 968 2433 veste,
999 2341 1178 2415 simulacro
1192 2340 1354 2418 Helenae

247 2480 322 2531 oum
346 2458 483 2556 reliquie
509 2483 553 2532 ex
576 2459 751 2558 naufragio
772 2460 874 2534 eooiis
892 2462 928 2532 in
947 2461 1107 2558 spelunea
1131 2461 1277 2560 quadam·
1290 2462 1354 2532 ab·

247 2575 337 2668 nito,
370 2599 574 2672 conquerens
597 2585 718 2651 sortem
751 2603 856 2652 auam.
911 2579 1102 2652 Pnltautem
1128 2578 1218 2647 lones
1242 2575 1353 2671 regius

246 2692 406 2768 ferociter
425 2694 559 2790 repellit
584 2719 667 2766 anus
691 2696 845 2785 ianitrix,
869 2718 889 2764 a
913 2717 979 2789 qna
1002 2694 1060 2764 m'x
1081 2694 1256 2789 impolluto
1277 2694 1353 2766 ool-

245 2812 359 2908 loquio
385 2809 557 2905 cognoscit
580 2810 669 2882 intuo
695 2835 769 2884 esse
784 2810 957 2884 Helenam
981 2809 1071 2882 lone
1095 2809 1217 2904 filiam,
1251 2805 1352 2910 eoque

245 2919 474 3025 intempestiue
499 2927 649 3021 uenisse,
687 2927 783 3002 ‹lomo'
807 2951 887 3000 ausu
912 2927 1052 3024 quodam
1075 2929 1226 3021 turbata,
1257 2931 1352 3027 pem·

246 3056 431 3145 tummque,
457 3046 487 3117 ei
508 3068 569 3118 rex
590 3045 717 3118 redeat.
766 3045 830 3119 Hie
851 3046 949 3118 ‹lioln'e
966 3046 1134 3138 oonlnsue,
1162 3047 1220 3121 ead
1241 3056 1352 3122 tamen

247 3167 389 3264 aliquem
414 3163 470 3236 lio
501 3164 607 3234 virum
638 3163 728 3238 louie
760 3165 926 3263 filiamque
957 3166 1029 3239 eine
1055 3164 1205 3239 Helenae
1231 3191 1351 3241 nomen

245 3284 368 3356 habere
397 3299 496 3379 poene
521 3281 735 3375 existimans,
767 3284 915 3380 experiri
938 3284 1029 3381 rogis
1053 3284 1196 3356 animum
1222 3287 1352 3360 conuti-

244 3402 321 3475 tult.
370 3398 565 3474 Revertitnn
590 3387 736 3494 aluums,
764 3425 929 3500 quumque
953 3403 1046 3476 bneui
1072 3404 1218 3479 earmina
1241 3403 1351 3477 ‹linis-

245 3526 316 3611 set,
355 3518 533 3591 menoclem
562 3516 746 3592 Theonoen
777 3521 876 3594 effata
910 3518 1054 3593 nondum
1076 3531 1248 3596 ‘mortuum
1278 3544 1351 3596 eoae

244 3636 454 3729 Menelaum,
488 3635 546 3709 neo
578 3637 769 3734 per'muria
792 3638 931 3730 laetari,
965 3639 1037 3710 enit
1061 3663 1105 3711 ex
1133 3640 1228 3735 regia
1249 3641 1351 3714 etiem

243 3754 395 3846 Heleno,
428 3762 481 3847 et,
498 3757 664 3852 quonlam
689 3756 725 3827 in
750 3755 881 3828 aleluia
898 3777 971 3828 aeae
990 3754 1183 3828 Menelaum
1208 3781 1351 3854 aeoepa·

244 3882 316 3966 rut,
352 3875 458 3945 verita
483 3874 624 3970 amplios
657 3873 734 3970 quil
766 3897 810 3948 ex
836 3872 1002 3946 'l'leouoa
1027 3874 1226 3971 exquirere,
1257 3883 1351 3972 optat

243 3977 446 4064 attentat·
466 3987 521 4062 Ill
547 3999 726 4089 conspeetu
751 3990 928 4088 peregrino
949 3990 1143 4088 oonlugiene
1167 3992 1211 4065 ad
1225 3995 1351 4091 'sepul-

243 4117 335 4180 erum
359 4108 507 4201 Protei,
523 4101 649 4182 restare
675 4111 717 4181 ab
742 4126 782 4184 eo
805 4109 949 4182 iubetur.
998 4109 1171 4183 Amloloue
1191 4111 1351 4184 similitu·

243 4223 320 4298 ul‘me
343 4224 568 4320 oontmloatie,
594 4227 650 4299 uloi
675 4225 851 4300 Menelaus
873 4245 993 4300 nomen
1019 4248 1113 4300 suom
1134 4229 1250 4322 edidit,
1277 4252 1350 4303 am·

128 4441 132 4448 ,
243 4343 419 4441 ploxenum
450 4367 524 4416 enm
548 4343 712 4418 Helenam
742 4347 784 4417 ab
817 4369 854 4418 ee
880 4354 992 4438 arcet,
1031 4347 1155 4445 quippe
1176 4364 1287 4424 vonam
1304 4347 1348 4421 ln

243 4460 402 4560 spelunea
422 4453 807 4558 custodiri-existimans,
832 4485 895 4538 neo
914 4463 1023 4539 emolit
1042 4464 1210 4560 Helenae,
1242 4465 1349 4540 eimu-
