3026 5134
358 1301 389 1312 Η
444 1169 917 1278 ΥσοοΕΣιΣ.

581 1437 782 1449 -ο--υο--η

117 1783 128 1809 ‚

133 1781 335 1920 Ετεοκλής
359 1824 592 1926 παραλαβὼν
617 1826 687 1926 τήν
712 1829 852 1926 Θηβῶν
872 1827 1068 1928 βασιλείαν
1083 1831 1240 1906 ἀποστε-

124 1943 181 2033 ρεῖ
203 1947 271 2014 τοῦ
295 1937 430 2038 μέρους
453 1942 521 2019 τὸν
546 1943 712 2045 ἀδελφὸν
737 1947 856 2023 αὐτοῦ
883 1945 1137 2048 Πολυνείκην·
1166 1976 1240 2048 φυ-

121 2053 192 2156 γάς
223 2053 260 2130 δ’
291 2061 427 2142 ἐκεῖνος
459 2064 510 2144 εἲς
533 2062 665 2164 ’Ἀργος
697 2060 997 2166 παραγενόμενος
1028 2067 1138 2167 ἔγημε
1171 2065 1240 2162 τήν

121 2173 316 2275 θυγατέρα
348 2183 416 2250 τοῦ
448 2179 629 2274 βασιλέως
653 2177 874 2278 Ἀδράστου.
900 2185 1097 2257 κατελθεῖν
1122 2180 1164 2257 δὲ
1190 2187 1241 2265 εἰς

121 2289 193 2387 τὴν
216 2291 379 2390 πατρίδα
405 2294 725 2396 φιλοτιμούμενος,
739 2297 803 2372 καὶ
817 2297 945 2381 πείσας
961 2298 1028 2374 τὸν
1041 2294 1239 2394 πενθερόν,

123 2405 374 2507 συνήθροισεν
405 2407 607 2508 ἀξιόχρεων
642 2414 803 2512 στρατὸν
834 2413 930 2489 κατὰ
965 2421 1034 2490 τοῦ
1059 2413 1239 2516 ἀδελφοῦ,1

122 2525 186 2602 καὶ
219 2531 269 2612 ελς
303 2525 427 2624 Θήβας
458 2525 649 2624 ἐλήλυθεν.
675 2529 698 2628 ή
725 2528 766 2604 δὲ
790 2527 910 2628 μήτηρ
937 2532 1054 2606 αὐτοῦ
1072 2527 1238 2628 Ἰοκάστη

33 2691 36 2700 ,
81 2663 86 2672 '
122 2631 274 2720 ἔπεισεν
295 2645 412 2720 αὐτὸν
443 2643 684 2721 ὑπόσπονδον
712 2650 838 2723 ἐλθεῖν
862 2653 914 2732 εῖς
936 2646 1006 2746 τήν
1030 2645 1151 2736 πόλιν,
1176 2646 1240 2721 καὶ

123 2745 367 2860 διαλεχθῆναι
381 2759 561 2864 πρότερον
575 2771 629 2862 τῷ
647 2763 800 2865 ἀδελφῷ
811 2764 967 2862 περὶτῆς
978 2766 1102 2863 ἀρχῆς·
1120 2763 1241 2839 δεινο·

122 2875 432 2977 προςεοπήσαντος
448 2878 489 2955 δὲ
506 2879 579 2956 ὑπὸ
601 2891 666 2979 τῆς
682 2881 907 2980 τυραννίδος
924 2891 992 2957 τοῦ
1003 2881 1240 2968 Ἐτεοκλέους,

122 2995 146 3093 ἡ
163 2995 406 3095 μένἸοκοίστη
422 2998 470 3073 τὰ
484 2998 594 3074 τέκνα
613 3005 663 3082 εἰς
677 3001 805 3097 φιλίαν
822 3006 1049 3102 συναγαγεῖν
1067 3000 1136 3074 οὐκ
1148 2993 1240 3095 ήδιί-

122 3141 235 3190 νατο·
252 3113 481 3210 Πολυνείκης
496 3112 536 3188 δέ
552 3114 602 3197 ὥς
619 3115 710 3211 πρὸς
726 3117 901 3210 πολέμιον
926 3115 1055 3190 λοιπὸν
1073 3142 1237 3212 παρατα-

124 3228 280 3329 ξάμενος
293 3227 537 3329 ἀνεχώρησεν.
548 3232 675 3328 ἔχρησε
691 3230 732 3305 δὲ
748 3231 768 3304 ὃ
780 3232 966 3329 Τειρεσίας
980 3228 1142 3326 νικήσειν
1156 3227 1243 3311 τοὺς

123 3353 165 3425 ἐκ
177 3358 242 3447 τῆς
254 3352 404 3438 πόλεως,
427 3348 494 3442 ἐὰν
513 3345 636 3430 ὀπαῖς
653 3350 835 3445 Κρέοντος
854 3347 1062 3430 Μενοικεὺς
1077 3343 1240 3447 σφοίγιον

118 3468 215 3565 ’Άρει
235 3468 397 3571 γένηται.
422 3463 527 3563 ὁμὲν
541 3453 611 3540 οὖν
625 3465 755 3562 Κρέων
774 3463 961 3565 ἠρνήσατο
987 3464 1181 3540 ἐπιδοῦναι
1196 3469 1241 3558 τῇ

117 3581 226 3664 ,πόλει
256 3585 324 3660 τὸν
356 3583 494 3658 παῖδα·
530 3581 618 3658 ὅδὲ
643 3582 835 3669 νεανίσκος
859 3580 1051 3681 ἐβούλετο,
1087 3580 1150 3656 καὶ
1174 3585 1241 3654 τοῖ

123 3702 264 3802 πατρὸς
296 3701 413 3776 αὐτοῦ
439 3699 566 3804 φυγήν
590 3700 683 3796 μετὰ
706 3698 913 3801 χρημάτων
938 3697 1130 3785 διδόντος,
1150 3698 1241 3796 ἑαυ-

124 3817 194 3892 τὸν
225 3819 422 3917 ἀπέσφαξε.
478 3821 634 3916 Θηβαῖοι
666 3816 707 3893 δὲ
739 3819 827 3901 τοὺς
856 3813 1041 3918 ἡγεμόνας
1064 3821 1143 3887 τῶν
1159 3812 1237 3908 Ἀρ

124 3931 238 4037 γείεον
263 3936 477 4037 έτρεψαν’).
508 3938 695 4030 Ἐτεοκλής
721 3932 851 4008 δὲκαὶ
877 3929 1105 4025 Πολυνείκης
1129 3955 1235 4022 μονο·

124 4046 359 4150 μαχήσαντες
392 4053 539 4127 ἀνεῖλον
575 4047 762 4144 ἀλλήλους.
788 4049 811 4146 ἡ
838 4046 909 4142 μὲν
935 4043 1004 4121 οὖν
1029 4043 1148 4141 μήτηρ
1175 4043 1233 4118 αὖ·

124 4176 205 4244 ταῖν
232 4165 399 4263 ,εὑροῦσα
424 4167 577 4265 νεκροὺς
600 4164 688 4247 τοὺς
711 4165 816 4249 υἱοὺς
839 4163 1069 4262 κατέσφαξεν
1098 4155 1244 4256 ἑαυτήν·

127 4286 148 4362 ὃ
174 4284 216 4362 δὲ
240 4279 376 4380 ταύτης
401 4281 562 4382 ἀδελφὸς
584 4281 715 4384 Κρέων
747 4282 932 4380 παρέλαβε
957 4279 1034 4375 τὴν
1050 4275 1246 4354 δυναστείμ

213 4591 241 4672 ι)
262 4593 409 4671 ῑεηελελυτ
430 4583 577 4672 έσφαξαυ.
619 4589 770 4651 Brunokius
791 4591 896 4668 scripsit
914 4579 1056 4648 ἔκτειναν.

1008 4667 1042 4731 1.
