2994 5128
610 358 660 436 66

68 561 234 634 ἑκοῦσαν
261 557 330 634 οὐκ
356 559 523 634 ἄκουσαν
547 560 717 638 ἐπισείσω
743 555 866 640 πόλιν
903 613 906 620 ·

68 684 134 760 σοὶ
159 691 204 782 σῇ
230 679 454 784 τ’-ἇδελφῇ,
480 680 656 782 λεύσιμον
680 687 817 766 eloim
841 686 959 788 δίκην.

66 818 215 907 μᾶλλον
241 809 278 888 δ’
308 809 426 908 ἐκείνη
452 819 521 886 σοῦ
545 814 682 889 θανεῖν
707 814 781 888 ἔστ’
812 813 910 904 ἀξία,

65 937 92 1033 ἢ
120 945 165 1033 τῇ
191 932 346 1033 τεκούσῃ
374 937 408 1011 o'
436 935 608 1038 r'pypo‘wo’,
636 945 686 1024 εἰς
711 935 776 1024 οὖς
800 941 858 1015 ἀεὶ

66 1062 268 1158 πέμπουσα
292 1059 442 1156 μύθους
465 1063 526 1138 ἐπὶ
549 1062 593 1140 τὸ
618 1064 917 1166 6υςμινέστερον,

69 1184 233 1286 ὀνείρατ’
262 1188 489 1291 ἀγγέλλουσα
512 1191 806 1294 τάγαμέμνονσς,

21 1342 29 1349 ·
67 1312 145 1388 καὶ·
160 1316 272 1390 τοῦθ’
303 1315 324 1392 6
347 1313 543 1414 μισήσειαν
567 1318 758 1420 Αἰγίσθου
784 1318 885 1414 λέχσι,Ι

68 1440 108 1514 οἱ
132 1441 295 1541 νέρτεροι
319 1441 418 1532 θεοί,
443 1442 507 1518 καὶ
531 1442 607 1543 γὰρ
631 1439 768 1553 ἐνθάδ’
797 1439 846 1539 ἣν
871 1441 1017 1542 πικρόν,

68 1567 139 1650 ἕως
163 1566 290 1665 ὑφῆψε
316 1566 414 1662 δῶμ’
446 1564 666 1665 ἀνηφαίστῳ
692 1565 792 1664 πυρί.

69 1691 255 1780 Μενέλαε,
283 1689 341 1765 σοὶ
368 1689 408 1765 cle*
433 1688 524 1765 τάδε
549 1690 642 1794 λέγω
668 1688 798 1791 δράσω
823 1721 862 1764 τε
887 1687 994 1789 πρός·

69 1819 103 1890 ελ
128 1815 271 1911 τούμὸν
295 1813 419 1920 έγθσςΙ
434 1819 633 1917 έναριθμεῖ
655 1812 768 1914 κῆδός
792 1817 826 1890 τ’
857 1813 962 1912 ἐμόν,
1203 1829 1269 1898 610

69 1940 123 2040 μὴ
148 1941 241 2041 τῷδ’
272 1939 431 2041 ἀμύνειν
455 1939 577 2043 φόνον
601 1941 774 2022 ἐναντίαν
799 1947 920 2027 θεοῖς·

70 2069 114 2144 έα
140 2068 178 2145 rl⁰
208 2069 272 2146 ὑπ’
304 2071 432 2147 ἀστῶν
455 2073 789 2174 καταφονευθῆναι
814 2070 970 2168 πέτροις,

69 2195 95 2292 ἢ
120 2195 172 2295 μὴ
191 2197 358 2296 ’ulliusve
385 2193 665 2293 Σπαρτιάτιδος
687 2191 841 2294 χθονός.

70 2324 224 2398 τοσαῦτ’
254 2319 417 2407 ἀκούσας
439 2327 536 2414 ίσθι,
563 2321 658 2421 μηδὲ
684 2321 882 2421 δυ’ςσεβεῒς

157 2661 230 2723 600.
252 2665 315 2723 Ρει.
341 2663 378 2724 Α.
400 2659 542 2734 inostro,
578 2658 708 2740 obscripto
736 2652 895 2732 λιασείσω,
923 2660 990 2738 φιλλ
1013 2661 1122 2720 alterurn
1144 2661 1196 2720 duo

70 2748 197 2807 Brunclrii
219 2749 321 2808 codices
343 2769 400 2810 cunr
421 2750 509 2809 Mose.
531 2747 559 2810 tl.
578 2747 652 2828 Aug.
673 2752 698 2808 b.
721 2768 744 2810 o.
767 2749 856 2807 Guels.
872 2747 945 2806 Flor.
966 2744 997 2804 6.
1019 2744 1050 2806 9.
1075 2742 1122 2804 te.
1146 2744 1197 2805 21.

71 2826 1196 2908 34.1ι·ιλειιλ.Ηελιελιλιιι·6νασείοις,ιιιαπείθοις.λλλοι.93.6πιπείσω.

71 2920 223 2978 Ceterorum
248 2895 373 2979 libroruin
400 2923 553 2997 scripturam
581 2919 714 2980 Brunolrio
747 2921 880 2998 probatam
909 2913 1051 2978 ἐπισείσω
1082 2918 1197 2980 cessarit
1262 2933 1275 2942 “

69 3004 215 3072 Porsonus,
236 3009 279 3080 qui
301 3025 352 3062 non
373 3007 475 3062 sublata
496 3014 555 3081 posi
577 2997 665 3063 πόλιν
690 3009 896 3082 interpunctione
918 2999 1025 3062 δοῦναι
1046 2996 1133 3078 δίκην
1153 2992 1199 3059 hio

70 3090 208 3144 rarissimo
230 3107 281 3146 usu
302 3093 344 3145 ius
366 3089 427 3145 dare
448 3090 489 3145 vel
517 3086 624 3146 reddere
650 3089 797 3166 significare
825 3093 924 3145 statuit.
967 3086 1104 3144 Meliorem
1127 3090 1196 3142 viam
1318 3101 1322 3106 ’

71 3188 149 3246 quum
172 3171 330 3229 ostendisset
339 3171 482 3228 Elmslerus
504 3171 537 3228 ael
552 3171 659 3228 Heracl.
677 3169 749 3229 862.
744 3171 897 3269 distingui
918 3172 1010 3229 iubens
1031 3179 1091 3245 post
1111 3163 1193 3248 πῆλ’

71 3249 207 3334 ἀδελφῇ,
237 3262 267 3311 ut
285 3251 401 3314 δοῦναι
429 3251 516 3329 δίκην
542 3263 612 3311 esset
639 3247 712 3324 ὥςτε
738 3247 819 3330 ὑμᾶς
846 3249 1077 3330 beccanellum,
1109 3203 1197 3312 triluca

70 3340 217 3398 Porsonuur
240 3335 333 3396 defend
319 3337 429 3396 tiendum
450 3341 501 3397 sibi
523 3357 583 3396 esse
595 3339 763 3396 existimavit
784 3333 941 3397 Schaeierus
963 3357 1002 3407 eo,
1025 3330 1095 3415 quoti
1117 3341 1196 3396 etiam

71 3417 240 3486 lentienses
260 3421 346 3500 δίκην
361 3422 393 3480 do
415 3442 446 3482 eo
468 3428 512 3500 qui
532 3427 654 3500 puniatur
675 3422 777 3482 diciurn
794 3429 838 3486 sit.
876 3423 908 3492 16
928 3439 989 3480 vero
1011 3424 1072 3480 aliis
1091 3422 1196 3482 donnon-

71 3519 153 3566 strare
175 3509 300 3586 exemplis
322 3507 436 3579 debebat,
464 3528 541 3584 quam
563 3510 683 3568 lectorem
707 3509 739 3566 aul
756 3508 967 3568 Baccharumv.
987 3506 1080 3568 1311.
1100 3504 1193 3570 1326.

21 3603 22 3612 ’
71 3593 233 3652 remittendo.
276 3592 345 3652 Naro
368 3593 436 3670 quod
457 3597 539 3652 ibis.
563 3591 655 3654 1611.
676 3595 781 3672 legitur,
802 3591 889 3671 δίκην
909 3587 967 3672 γιιρ
989 3585 1078 3664 ἀξίαν
1099 3586 1194 3666 ἐλύμ-

72 3678 163 3754 βανιν
184 3677 308 3737 facillime
328 3677 362 3741 ad
382 3681 503 3750 usitatam
525 3678 647 3756 loquendi
667 3684 793 3738 rationem
814 3681 983 3752 revocabitur,
1010 3682 1034 3734 si
1055 3671 1194 3752 ίλαμβα-

71 3781 119 3831 τις
139 3765 291 3821 scribemus.
333 3762 452 3821 Alterum
474 3773 558 3822 autem
581 3766 735 3840 exernplnn
755 3768 782 3819 in
805 3783 855 3839 quo
877 3770 917 3818 est
938 3754 1084 3830 σ6ς6”
1064 3780 1124 3837 εχει
1145 3757 1193 3819 δί-

22 3881 24 3922 ;
71 3865 127 3924 ιιηιι
149 3853 221 3917 παῖς
242 3839 360 3919 παιδός,
379 3849 444 3907 nihil
466 3848 499 3905 ad
520 3847 692 3950 probapdurn
698 3848 785 3904 valere
807 3854 921 3920 apertum
944 3853 993 3903 est.

155 3930 228 3992 602.
249 3932 324 3990 Libri
346 3951 436 3990 ornnes
456 3925 603 3990 θανιΐν”
584 3925 693 3989 εστά
674 3924 756 4000 ιλαξί
798 3928 883 3986 Nilril
899 3930 982 3986 tribuo
1011 3927 1131 3985 Elmsleii
1158 3925 1191 3986 ad

70 4015 167 4075 Bacch.
189 4013 262 4074 246.
283 4015 395 4085 decreto,
416 4035 520 4091 expuo
543 4011 666 4120 ἔπαξιαὶ
671 4012 833 4071 scribendum
856 4021 905 4071 est.

153 4097 228 4159 607.
250 4099 351 4157 Horum
373 4102 523 4166 verborum,
553 4097 603 4157 καλ
620 4092 688 4178 γὰρ
711 4084 867 4158 eruut*
831 4117 886 4174 ην
907 4089 1029 4176 πικρόν,
1054 4098 1192 4173 ineptissi-

70 4201 128 4244 mos
148 4188 372 4261 interpretationes
393 4189 573 4261 excogitarunt
594 4182 764 4253 scholiastae,
791 4198 900 4259 quorum
927 4181 979 4238 nuo
1000 4189 1099 4239 tanturn
1120 4181 1192 4240 vitle-

69 4277 131 4329 runt
150 4289 216 4345 quae
237 4271 358 4327 subesset
378 4275 514 4328 sententia.
556 4269 668 4326 Eorum
677 4267 754 4326 alter.
783 4259 932 4337 λνθάλ,
960 4257 1053 4346 ἤγουν
1073 4262 1106 4326 ἐν
1125 4271 1191 4336 τοῖς

70 4347 148 4427 λίνω,
170 4355 236 4412 alter
257 4364 357 4412 autem·
355 4347 486 4457 καλ
450 4373 509 4434 γαρ
531 4358 595 4425 τοῖς
610 4350 682 4427 ζῶσι
705 4345 812 4434 πικρὸν
834 4339 904 4432 6μῆ
925 4349 1060 4469 μριχέίαι
1086 4356 1112 4409 in
1135 4355 1190 4428 qui·

70 4442 222 4499 busseriis
242 4426 398 4517 addition

151 4523 226 4584 609.
247 4524 318 4603 Aug.
341 4461 370 4584 λη
390 4523 414 4583 tl.
439 4514 543 4600 6ρύσω
565 4517 599 4583 ti
619 4514 703 4604 πρός.

151 4608 225 4668 612.
245 4609 315 4668 Vite
334 4608 367 4668 ad
389 4631 414 4669 ι.
429 4605 502 4668 624.

112 4696 279 4785 Ευιιιιιιιιε
302 4696 420 4755 Orestes.
845 4766 852 4780 ⁰
964 4683 986 4749 5
