<?xml version="1.0" encoding="UTF-8"?>
<!DOCTYPE html PUBLIC "-//W3C//DTD XHTML 1.0 Transitional//EN"
    "http://www.w3.org/TR/xhtml1/DTD/xhtml1-transitional.dtd">
<html xmlns="http://www.w3.org/1999/xhtml" xml:lang="en" lang="en">
 <head>
  <title>
</title>
<meta http-equiv="Content-Type" content="text/html;charset=utf-8" />
  <meta name='ocr-system' content='tesseract 3.04.00' />
  <meta name='ocr-capabilities' content='ocr_page ocr_carea ocr_par ocr_line ocrx_word'/>
</head>
<body>
  <div class='ocr_page' id='page_1' title='image "./euripidistragoe09eurigoog/euripidistragoe09eurigoog_0170.png"; bbox 0 0 2996 5136; ppageno 0'>
   <div class='ocr_carea' id='block_1_1' title="bbox 433 283 990 564">
    <p class='ocr_par' dir='ltr' id='par_1_1' title="bbox 433 283 990 564">
     <span class='ocr_line' id='line_1_1' title="bbox 627 283 700 362; baseline 0.041 -3"><span class='ocrx_word' id='word_1_1' title='bbox 627 283 700 362; x_wconf 76' lang='grc'><strong>143</strong></span> 
     </span>
     <span class='ocr_line' id='line_1_2' title="bbox 433 470 990 564; baseline 0.002 -5"><span class='ocrx_word' id='word_1_2' title='bbox 433 488 904 564; x_wconf 61' lang='lat' dir='ltr'><strong>annumerantes.</strong></span> <span class='ocrx_word' id='word_1_3' title='bbox 987 470 990 480; x_wconf 88' lang='lat'>&#39;</span> 
     </span>
    </p>
   </div>
   <div class='ocr_carea' id='block_1_2' title="bbox 107 635 1003 740">
    <p class='ocr_par' dir='ltr' id='par_1_2' title="bbox 107 635 1003 740">
     <span class='ocr_line' id='line_1_3' title="bbox 107 635 1003 740; baseline 0.002 -26"><span class='ocrx_word' id='word_1_4' title='bbox 107 644 149 715; x_wconf 77' lang='grc' dir='ltr'><strong>ἐν</strong></span> <span class='ocrx_word' id='word_1_5' title='bbox 172 639 229 716; x_wconf 84' lang='grc' dir='ltr'><strong>σοὶ</strong></span> <span class='ocrx_word' id='word_1_6' title='bbox 254 635 353 732; x_wconf 75' lang='grc' dir='ltr'><em>τόδ’,</em></span> <span class='ocrx_word' id='word_1_7' title='bbox 389 639 436 736; x_wconf 81' lang='grc' dir='ltr'><strong>ἢν</strong></span> <span class='ocrx_word' id='word_1_8' title='bbox 461 637 530 734; x_wconf 83' lang='grc' dir='ltr'><strong>σὴν</strong></span> <span class='ocrx_word' id='word_1_9' title='bbox 554 643 605 724; x_wconf 77' lang='lat' dir='ltr'><strong>eir</strong></span> <span class='ocrx_word' id='word_1_10' title='bbox 626 639 687 736; x_wconf 75' lang='grc' dir='ltr'><strong>ἔμ’</strong></span> <span class='ocrx_word' id='word_1_11' title='bbox 709 641 860 716; x_wconf 82' lang='grc' dir='ltr'><strong>εὔνοιαν</strong></span> <span class='ocrx_word' id='word_1_12' title='bbox 880 640 1003 740; x_wconf 78' lang='grc' dir='ltr'><strong>διδῷς.</strong></span> 
     </span>
    </p>
   </div>
   <div class='ocr_carea' id='block_1_3' title="bbox 552 843 768 916">
    <p class='ocr_par' dir='ltr' id='par_1_3' title="bbox 552 843 768 916">
     <span class='ocr_line' id='line_1_4' title="bbox 552 843 768 916; baseline 0 0"><span class='ocrx_word' id='word_1_13' title='bbox 552 843 768 916; x_wconf 82' lang='grc' dir='ltr'><strong>ΕΛΕΝΗ.</strong></span> 
     </span>
    </p>
   </div>
   <div class='ocr_carea' id='block_1_4' title="bbox 111 989 962 1095">
    <p class='ocr_par' dir='ltr' id='par_1_4' title="bbox 111 989 962 1095">
     <span class='ocr_line' id='line_1_5' title="bbox 111 989 962 1095; baseline 0.001 -25"><span class='ocrx_word' id='word_1_14' title='bbox 111 999 156 1070; x_wconf 85' lang='grc' dir='ltr'><strong>οὐ</strong></span> <span class='ocrx_word' id='word_1_15' title='bbox 180 1005 254 1072; x_wconf 71' lang='grc' dir='ltr'><strong>νῦν</strong></span> <span class='ocrx_word' id='word_1_16' title='bbox 282 989 539 1090; x_wconf 70' lang='grc' dir='ltr'><strong>διδαξόμεσθα</strong></span> <span class='ocrx_word' id='word_1_17' title='bbox 564 995 652 1079; x_wconf 77' lang='grc' dir='ltr'><strong><em>τούς</em></strong></span> <span class='ocrx_word' id='word_1_18' title='bbox 677 995 807 1095; x_wconf 81' lang='grc' dir='ltr'><strong><em>φίλους</em></strong></span> <span class='ocrx_word' id='word_1_19' title='bbox 831 1001 962 1095; x_wconf 78' lang='grc' dir='ltr'><strong><em>φιλεῖν.</em></strong></span> 
     </span>
    </p>
   </div>
   <div class='ocr_carea' id='block_1_5' title="bbox 432 1204 894 1281">
    <p class='ocr_par' dir='ltr' id='par_1_5' title="bbox 432 1204 894 1281">
     <span class='ocr_line' id='line_1_6' title="bbox 432 1204 894 1281; baseline 0.004 -5"><span class='ocrx_word' id='word_1_20' title='bbox 432 1204 894 1281; x_wconf 85' lang='grc' dir='ltr'><em>ΘΕΟΚΛΥΜΕΝΟΣ.</em></span> 
     </span>
    </p>
   </div>
   <div class='ocr_carea' id='block_1_6' title="bbox 107 1354 992 1458">
    <p class='ocr_par' dir='ltr' id='par_1_6' title="bbox 107 1354 992 1458">
     <span class='ocr_line' id='line_1_7' title="bbox 107 1354 992 1458; baseline 0.005 -28"><span class='ocrx_word' id='word_1_21' title='bbox 107 1354 235 1453; x_wconf 79' lang='grc' dir='ltr'><strong><em>βούλει</em></strong></span> <span class='ocrx_word' id='word_1_22' title='bbox 269 1360 457 1458; x_wconf 73' lang='grc' dir='ltr'><strong>ξυνεργῶν</strong></span> <span class='ocrx_word' id='word_1_23' title='bbox 489 1356 602 1440; x_wconf 79' lang='grc' dir='ltr'><em>αὐτὸς</em></span> <span class='ocrx_word' id='word_1_24' title='bbox 628 1355 805 1458; x_wconf 75' lang='grc' dir='ltr'><strong><em>ἐκπέμψω</em></strong></span> <span class='ocrx_word' id='word_1_25' title='bbox 839 1360 992 1452; x_wconf 82' lang='grc' dir='ltr'><strong>στύλον,·</strong></span> 
     </span>
    </p>
   </div>
   <div class='ocr_carea' id='block_1_7' title="bbox 555 1561 772 1634">
    <p class='ocr_par' dir='ltr' id='par_1_7' title="bbox 555 1561 772 1634">
     <span class='ocr_line' id='line_1_8' title="bbox 555 1561 772 1634; baseline 0.009 -2"><span class='ocrx_word' id='word_1_26' title='bbox 555 1561 718 1634; x_wconf 83' lang='grc' dir='ltr'><em>ΕΛΕΝ</em></span> <span class='ocrx_word' id='word_1_27' title='bbox 722 1564 772 1634; x_wconf 86' lang='grc' dir='ltr'><strong>Η.</strong></span> 
     </span>
    </p>
   </div>
   <div class='ocr_carea' id='block_1_8' title="bbox 107 1707 948 1808">
    <p class='ocr_par' dir='ltr' id='par_1_8' title="bbox 107 1707 948 1808">
     <span class='ocr_line' id='line_1_9' title="bbox 107 1707 948 1808; baseline 0.004 -22"><span class='ocrx_word' id='word_1_28' title='bbox 107 1714 259 1807; x_wconf 78' lang='grc' dir='ltr'><strong>ἥκιστα·</strong></span> <span class='ocrx_word' id='word_1_29' title='bbox 290 1710 342 1808; x_wconf 87' lang='grc' dir='ltr'><strong>μὴ</strong></span> <span class='ocrx_word' id='word_1_30' title='bbox 368 1708 520 1786; x_wconf 83' lang='grc' dir='ltr'><strong><em>δούλευε</em></strong></span> <span class='ocrx_word' id='word_1_31' title='bbox 547 1716 625 1793; x_wconf 86' lang='grc' dir='ltr'><em>σοῖς</em></span> <span class='ocrx_word' id='word_1_32' title='bbox 644 1707 809 1802; x_wconf 83' lang='grc' dir='ltr'><strong><em>δούλοις,</em></strong></span> <span class='ocrx_word' id='word_1_33' title='bbox 843 1714 948 1800; x_wconf 75' lang='grc' dir='ltr'><em>ἄναξ.</em></span> 
     </span>
    </p>
   </div>
   <div class='ocr_carea' id='block_1_9' title="bbox 411 1869 898 1992">
    <p class='ocr_par' dir='ltr' id='par_1_9' title="bbox 411 1869 898 1992">
     <span class='ocr_line' id='line_1_10' title="bbox 411 1869 898 1992; baseline 0.006 -4"><span class='ocrx_word' id='word_1_34' title='bbox 411 1869 898 1992; x_wconf 55' lang='lat' dir='ltr'><strong>⁸tartttrrstrnannroz.</strong></span> 
     </span>
    </p>
   </div>
   <div class='ocr_carea' id='block_1_10' title="bbox 109 2065 1073 2546">
    <p class='ocr_par' dir='ltr' id='par_1_10' title="bbox 109 2065 1073 2416">
     <span class='ocr_line' id='line_1_11' title="bbox 110 2065 989 2168; baseline 0.008 -28"><span class='ocrx_word' id='word_1_35' title='bbox 110 2068 184 2142; x_wconf 76' lang='grc' dir='ltr'><strong><em>ἀλλ’</em></strong></span> <span class='ocrx_word' id='word_1_36' title='bbox 212 2066 288 2140; x_wconf 77' lang='grc' dir='ltr'><strong>εἶα·</strong></span> <span class='ocrx_word' id='word_1_37' title='bbox 314 2066 402 2150; x_wconf 78' lang='grc' dir='ltr'><strong><em>τοὺς</em></strong></span> <span class='ocrx_word' id='word_1_38' title='bbox 422 2065 494 2164; x_wconf 80' lang='grc' dir='ltr'><strong>μέν</strong></span> <span class='ocrx_word' id='word_1_39' title='bbox 519 2068 743 2144; x_wconf 78' lang='grc' dir='ltr'><strong>Πελοπιδῶν</strong></span> <span class='ocrx_word' id='word_1_40' title='bbox 766 2072 817 2144; x_wconf 78' lang='grc' dir='ltr'><strong>ἐῶ</strong></span> <span class='ocrx_word' id='word_1_41' title='bbox 841 2068 989 2168; x_wconf 82' lang='grc' dir='ltr'><em>νόμους.</em></span> 
     </span>
     <span class='ocr_line' id='line_1_12' title="bbox 109 2187 1073 2297; baseline 0.005 -30"><span class='ocrx_word' id='word_1_42' title='bbox 109 2189 267 2291; x_wconf 78' lang='grc' dir='ltr'><em>καθαρὰ</em></span> <span class='ocrx_word' id='word_1_43' title='bbox 291 2187 365 2294; x_wconf 73' lang='lat' dir='ltr'><strong>yde</strong></span> <span class='ocrx_word' id='word_1_44' title='bbox 390 2191 481 2288; x_wconf 79' lang='grc' dir='ltr'><em>ἡμῖν</em></span> <span class='ocrx_word' id='word_1_45' title='bbox 507 2191 669 2290; x_wconf 76' lang='grc' dir='ltr'><em>δώματ’·</em></span> <span class='ocrx_word' id='word_1_46' title='bbox 711 2195 755 2269; x_wconf 86' lang='grc' dir='ltr'><strong>οὐ</strong></span> <span class='ocrx_word' id='word_1_47' title='bbox 780 2193 854 2297; x_wconf 69' lang='lat' dir='ltr'><strong>yde</strong></span> <span class='ocrx_word' id='word_1_48' title='bbox 879 2193 1018 2272; x_wconf 66' lang='lat' dir='ltr'><strong>enadda</strong></span> <span class='ocrx_word' id='word_1_49' title='bbox 1055 2198 1073 2230; x_wconf 64' lang='lat'><strong>‘⁸</strong></span> 
     </span>
     <span class='ocr_line' id='line_1_13' title="bbox 110 2316 863 2416; baseline 0.001 -24"><span class='ocrx_word' id='word_1_50' title='bbox 110 2316 238 2416; x_wconf 79' lang='grc' dir='ltr'><em>ψυχὴν</em></span> <span class='ocrx_word' id='word_1_51' title='bbox 263 2317 382 2416; x_wconf 81' lang='grc' dir='ltr'><strong><em>ἀφῆκε</em></strong></span> <span class='ocrx_word' id='word_1_52' title='bbox 407 2317 619 2400; x_wconf 78' lang='grc' dir='ltr'><strong><em>Μενέλεως·</em></strong></span> <span class='ocrx_word' id='word_1_53' title='bbox 650 2321 718 2392; x_wconf 78' lang='grc' dir='ltr'><strong>ἴτω</strong></span> <span class='ocrx_word' id='word_1_54' title='bbox 744 2317 789 2393; x_wconf 86' lang='grc' dir='ltr'><strong>δέ</strong></span> <span class='ocrx_word' id='word_1_55' title='bbox 807 2347 863 2402; x_wconf 81' lang='grc' dir='ltr'><strong>τις</strong></span> 
     </span>
    </p>

    <p class='ocr_par' dir='ltr' id='par_1_11' title="bbox 112 2437 1013 2546">
     <span class='ocr_line' id='line_1_14' title="bbox 112 2437 1013 2546; baseline 0 -28"><span class='ocrx_word' id='word_1_56' title='bbox 112 2440 272 2543; x_wconf 78' lang='grc' dir='ltr'><em>φράσων</em></span> <span class='ocrx_word' id='word_1_57' title='bbox 297 2437 478 2542; x_wconf 76' lang='grc' dir='ltr'><em>ὑπάρχοις</em></span> <span class='ocrx_word' id='word_1_58' title='bbox 501 2446 578 2526; x_wconf 85' lang='grc' dir='ltr'><strong><em>τοῖς</em></strong></span> <span class='ocrx_word' id='word_1_59' title='bbox 603 2443 704 2539; x_wconf 83' lang='grc' dir='ltr'><strong><em>έμοῖς</em></strong></span> <span class='ocrx_word' id='word_1_60' title='bbox 729 2443 855 2542; x_wconf 78' lang='grc' dir='ltr'><strong><em>φέρειν</em></strong></span> <span class='ocrx_word' id='word_1_61' title='bbox 877 2440 1013 2546; x_wconf 76' lang='grc' dir='ltr'><strong><em>μύμιον</em></strong></span> 
     </span>
    </p>
   </div>
   <div class='ocr_carea' id='block_1_11' title="bbox 111 2561 1306 2798">
    <p class='ocr_par' dir='ltr' id='par_1_12' title="bbox 111 2561 1306 2798">
     <span class='ocr_line' id='line_1_15' title="bbox 112 2561 1306 2672; baseline -0.001 -30"><span class='ocrx_word' id='word_1_62' title='bbox 112 2565 293 2672; x_wconf 75' lang='grc' dir='ltr'><strong>ἀγάλματ’</strong></span> <span class='ocrx_word' id='word_1_63' title='bbox 318 2567 442 2650; x_wconf 76' lang='grc' dir='ltr'><strong><em>οἴκους</em></strong></span> <span class='ocrx_word' id='word_1_64' title='bbox 466 2571 517 2650; x_wconf 80' lang='grc' dir='ltr'><strong>εὶς</strong></span> <span class='ocrx_word' id='word_1_65' title='bbox 540 2561 667 2663; x_wconf 77' lang='grc' dir='ltr'><strong><em>ἐμούς·</em></strong></span> <span class='ocrx_word' id='word_1_66' title='bbox 708 2576 835 2644; x_wconf 79' lang='grc' dir='ltr'><em>πᾶσαν</em></span> <span class='ocrx_word' id='word_1_67' title='bbox 855 2567 896 2646; x_wconf 84' lang='grc' dir='ltr'><strong>δὲ</strong></span> <span class='ocrx_word' id='word_1_68' title='bbox 918 2567 992 2668; x_wconf 75' lang='grc' dir='ltr'><strong>χρὴ</strong></span> <span class='ocrx_word' id='word_1_69' title='bbox 1226 2584 1306 2642; x_wconf 76' lang='lat'>1455</span> 
     </span>
     <span class='ocr_line' id='line_1_16' title="bbox 111 2691 876 2798; baseline -0.003 -29"><span class='ocrx_word' id='word_1_70' title='bbox 111 2696 226 2798; x_wconf 75' lang='grc' dir='ltr'><em>μαῖαν·</em></span> <span class='ocrx_word' id='word_1_71' title='bbox 249 2693 419 2792; x_wconf 78' lang='grc' dir='ltr'><strong>βοᾶσθαι</strong></span> <span class='ocrx_word' id='word_1_72' title='bbox 441 2692 645 2796; x_wconf 71' lang='grc' dir='ltr'><em>μακαρίαις</em></span> <span class='ocrx_word' id='word_1_73' title='bbox 668 2691 876 2795; x_wconf 77' lang='grc' dir='ltr'><em>ὑμνῳδίαις</em></span> 
     </span>
    </p>
   </div>
   <div class='ocr_carea' id='block_1_12' title="bbox 113 2891 377 2911">
    <p class='ocr_par' dir='ltr' id='par_1_13' title="bbox 113 2891 377 2911">
     <span class='ocr_line' id='line_1_17' title="bbox 113 2891 377 2911; baseline 0.008 -5"><span class='ocrx_word' id='word_1_74' title='bbox 113 2891 377 2911; x_wconf 53' lang='grc' dir='ltr'>...μαι-..ιι</span> 
     </span>
    </p>
   </div>
   <div class='ocr_carea' id='block_1_13' title="bbox 112 3006 1216 3511">
    <p class='ocr_par' dir='ltr' id='par_1_14' title="bbox 112 3006 1216 3511">
     <span class='ocr_line' id='line_1_18' title="bbox 113 3006 1213 3093; baseline 0.002 -20"><span class='ocrx_word' id='word_1_75' title='bbox 113 3034 191 3086; x_wconf 83' lang='lat' dir='ltr'><strong>ram,</strong></span> <span class='ocrx_word' id='word_1_76' title='bbox 223 3013 279 3090; x_wconf 77' lang='grc' dir='ltr'><strong>τῆς</strong></span> <span class='ocrx_word' id='word_1_77' title='bbox 297 3006 388 3090; x_wconf 79' lang='grc' dir='ltr'><strong><em>τύχης</em></strong></span> <span class='ocrx_word' id='word_1_78' title='bbox 408 3033 445 3090; x_wconf 79' lang='grc' dir='ltr'><strong>με</strong></span> <span class='ocrx_word' id='word_1_79' title='bbox 467 3010 515 3072; x_wconf 80' lang='grc' dir='ltr'><strong>δεῖ</strong></span> <span class='ocrx_word' id='word_1_80' title='bbox 532 3007 645 3092; x_wconf 80' lang='grc' dir='ltr'><em>μόνον,</em></span> <span class='ocrx_word' id='word_1_81' title='bbox 666 3032 747 3091; x_wconf 84' lang='lat' dir='ltr'><strong>quana</strong></span> <span class='ocrx_word' id='word_1_82' title='bbox 769 3014 897 3093; x_wconf 83' lang='lat' dir='ltr'><strong>prnhevit</strong></span> <span class='ocrx_word' id='word_1_83' title='bbox 912 3012 1065 3076; x_wconf 75' lang='lat' dir='ltr'><strong>Etmrteiur</strong></span> <span class='ocrx_word' id='word_1_84' title='bbox 1082 3011 1117 3074; x_wconf 84' lang='lat' dir='ltr'><strong>nd</strong></span> <span class='ocrx_word' id='word_1_85' title='bbox 1131 3011 1213 3077; x_wconf 86' lang='lat' dir='ltr'><strong>Med.</strong></span> 
     </span>
     <span class='ocr_line' id='line_1_19' title="bbox 113 3091 1215 3176; baseline 0.002 -18"><span class='ocrx_word' id='word_1_86' title='bbox 113 3106 184 3159; x_wconf 80' lang='lat'><strong>552.</strong></span> <span class='ocrx_word' id='word_1_87' title='bbox 211 3092 322 3172; x_wconf 83' lang='lat' dir='ltr'><strong>recepit</strong></span> <span class='ocrx_word' id='word_1_88' title='bbox 342 3091 526 3154; x_wconf 84' lang='lat' dir='ltr'><strong>Sehaeserus.</strong></span> <span class='ocrx_word' id='word_1_89' title='bbox 569 3093 710 3155; x_wconf 75' lang='lat' dir='ltr'><strong>Matthiae</strong></span> <span class='ocrx_word' id='word_1_90' title='bbox 731 3097 868 3176; x_wconf 74' lang='lat' dir='ltr'><strong>vulgatam</strong></span> <span class='ocrx_word' id='word_1_91' title='bbox 891 3095 1028 3170; x_wconf 76' lang='lat' dir='ltr'><strong>defendit,</strong></span> <span class='ocrx_word' id='word_1_92' title='bbox 1053 3115 1124 3175; x_wconf 77' lang='lat' dir='ltr'><strong>quae</strong></span> <span class='ocrx_word' id='word_1_93' title='bbox 1146 3117 1215 3160; x_wconf 67' lang='lat' dir='ltr'><strong>nne</strong></span> 
     </span>
     <span class='ocr_line' id='line_1_20' title="bbox 113 3176 1214 3260; baseline -0.001 -21"><span class='ocrx_word' id='word_1_94' title='bbox 113 3176 315 3260; x_wconf 86' lang='lat' dir='ltr'><strong>quodammode</strong></span> <span class='ocrx_word' id='word_1_95' title='bbox 340 3186 433 3255; x_wconf 83' lang='lat' dir='ltr'><strong>potest</strong></span> <span class='ocrx_word' id='word_1_96' title='bbox 454 3176 587 3238; x_wconf 72' lang='lat' dir='ltr'><strong>defendit</strong></span> <span class='ocrx_word' id='word_1_97' title='bbox 625 3177 675 3238; x_wconf 86' lang='lat' dir='ltr'><strong>sed</strong></span> <span class='ocrx_word' id='word_1_98' title='bbox 696 3197 730 3239; x_wconf 81' lang='lat' dir='ltr'><strong>ea</strong></span> <span class='ocrx_word' id='word_1_99' title='bbox 751 3182 874 3239; x_wconf 87' lang='lat' dir='ltr'><strong>verentis</strong></span> <span class='ocrx_word' id='word_1_100' title='bbox 898 3183 1004 3258; x_wconf 87' lang='lat' dir='ltr'><strong>potius,</strong></span> <span class='ocrx_word' id='word_1_101' title='bbox 1032 3199 1112 3259; x_wconf 87' lang='lat' dir='ltr'><strong>quam</strong></span> <span class='ocrx_word' id='word_1_102' title='bbox 1136 3199 1214 3259; x_wconf 85' lang='lat' dir='ltr'><strong>spem</strong></span> 
     </span>
     <span class='ocr_line' id='line_1_21' title="bbox 114 3258 1216 3343; baseline -0.001 -19"><span class='ocrx_word' id='word_1_103' title='bbox 114 3258 290 3324; x_wconf 88' lang='lat' dir='ltr'><strong>ostendentis</strong></span> <span class='ocrx_word' id='word_1_104' title='bbox 320 3260 411 3318; x_wconf 85' lang='lat' dir='ltr'><strong>oratio</strong></span> <span class='ocrx_word' id='word_1_105' title='bbox 439 3269 493 3320; x_wconf 87' lang='lat' dir='ltr'><strong>est.</strong></span> <span class='ocrx_word' id='word_1_106' title='bbox 544 3259 611 3320; x_wconf 85' lang='lat' dir='ltr'><strong>Noa</strong></span> <span class='ocrx_word' id='word_1_107' title='bbox 640 3260 711 3320; x_wconf 84' lang='lat' dir='ltr'><strong>male</strong></span> <span class='ocrx_word' id='word_1_108' title='bbox 737 3261 924 3325; x_wconf 79' lang='lat' dir='ltr'><strong>scriberetur:</strong></span> <span class='ocrx_word' id='word_1_109' title='bbox 962 3268 1000 3342; x_wconf 80' lang='grc' dir='ltr'><strong>τῇ</strong></span> <span class='ocrx_word' id='word_1_110' title='bbox 1026 3261 1101 3343; x_wconf 74' lang='grc' dir='ltr'><strong>τύχῃ</strong></span> <span class='ocrx_word' id='word_1_111' title='bbox 1132 3264 1216 3340; x_wconf 90' lang='grc' dir='ltr'><strong><em>μέλοι</em></strong></span> 
     </span>
     <span class='ocr_line' id='line_1_22' title="bbox 113 3342 1215 3428; baseline -0.003 -19"><span class='ocrx_word' id='word_1_112' title='bbox 113 3345 216 3428; x_wconf 84' lang='grc' dir='ltr'><em>μόνον.</em></span> <span class='ocrx_word' id='word_1_113' title='bbox 260 3342 300 3402; x_wconf 86' lang='lat' dir='ltr'><strong>Et</strong></span> <span class='ocrx_word' id='word_1_114' title='bbox 320 3343 482 3404; x_wconf 81' lang='lat' dir='ltr'><strong>coniererat</strong></span> <span class='ocrx_word' id='word_1_115' title='bbox 502 3343 587 3424; x_wconf 84' lang='grc' dir='ltr'><strong><em>μέλοι</em></strong></span> <span class='ocrx_word' id='word_1_116' title='bbox 608 3342 765 3404; x_wconf 84' lang='lat' dir='ltr'><strong>Bradanus.</strong></span> <span class='ocrx_word' id='word_1_117' title='bbox 813 3345 948 3405; x_wconf 79' lang='lat' dir='ltr'><strong>Similiter</strong></span> <span class='ocrx_word' id='word_1_118' title='bbox 969 3348 1099 3426; x_wconf 81' lang='lat' dir='ltr'><strong>loquutus</strong></span> <span class='ocrx_word' id='word_1_119' title='bbox 1120 3358 1164 3406; x_wconf 90' lang='lat' dir='ltr'><strong>est</strong></span> <span class='ocrx_word' id='word_1_120' title='bbox 1187 3347 1215 3406; x_wconf 93' lang='lat' dir='ltr'><strong>in</strong></span> 
     </span>
     <span class='ocr_line' id='line_1_23' title="bbox 112 3421 1105 3511; baseline -0.001 -20"><span class='ocrx_word' id='word_1_121' title='bbox 112 3431 173 3511; x_wconf 79' lang='lat' dir='ltr'><strong>tph.</strong></span> <span class='ocrx_word' id='word_1_122' title='bbox 198 3429 289 3488; x_wconf 79' lang='lat' dir='ltr'><strong>Teur.</strong></span> <span class='ocrx_word' id='word_1_123' title='bbox 310 3433 383 3488; x_wconf 80' lang='lat'><strong>909.</strong></span> <span class='ocrx_word' id='word_1_124' title='bbox 408 3430 445 3508; x_wconf 74' lang='grc' dir='ltr'><strong>τῇ</strong></span> <span class='ocrx_word' id='word_1_125' title='bbox 471 3424 545 3510; x_wconf 75' lang='grc' dir='ltr'><strong>τύχῃ</strong></span> <span class='ocrx_word' id='word_1_126' title='bbox 568 3424 593 3488; x_wconf 88' lang='grc' dir='ltr'><strong>δ’</strong></span> <span class='ocrx_word' id='word_1_127' title='bbox 616 3421 698 3507; x_wconf 75' lang='grc' dir='ltr'><strong><em>οἶμαι</em></strong></span> <span class='ocrx_word' id='word_1_128' title='bbox 719 3429 818 3506; x_wconf 79' lang='grc' dir='ltr'><strong><em>μέλειν</em></strong></span> <span class='ocrx_word' id='word_1_129' title='bbox 838 3432 927 3490; x_wconf 80' lang='grc' dir='ltr'><strong><em>τοῦδε</em></strong></span> <span class='ocrx_word' id='word_1_130' title='bbox 949 3426 1003 3505; x_wconf 82' lang='grc' dir='ltr'><strong>ξύν</strong></span> <span class='ocrx_word' id='word_1_131' title='bbox 1023 3427 1105 3510; x_wconf 74' lang='grc' dir='ltr'><em>ἡμῖν.</em></span> 
     </span>
    </p>
   </div>
   <div class='ocr_carea' id='block_1_14' title="bbox 196 3525 1215 3606">
    <p class='ocr_par' dir='ltr' id='par_1_15' title="bbox 196 3525 1215 3606">
     <span class='ocr_line' id='line_1_24' title="bbox 196 3525 1215 3606; baseline 0.002 -17"><span class='ocrx_word' id='word_1_132' title='bbox 196 3531 289 3590; x_wconf 74' lang='lat'>1455.</span> <span class='ocrx_word' id='word_1_133' title='bbox 334 3525 415 3585; x_wconf 83' lang='lat' dir='ltr'><strong>Libri</strong></span> <span class='ocrx_word' id='word_1_134' title='bbox 437 3530 523 3606; x_wconf 65' lang='lat' dir='ltr'><strong>wia,</strong></span> <span class='ocrx_word' id='word_1_135' title='bbox 544 3539 682 3588; x_wconf 87' lang='lat' dir='ltr'><strong>servatum</strong></span> <span class='ocrx_word' id='word_1_136' title='bbox 705 3528 740 3587; x_wconf 88' lang='lat' dir='ltr'><strong>ah</strong></span> <span class='ocrx_word' id='word_1_137' title='bbox 759 3525 897 3588; x_wconf 81' lang='lat' dir='ltr'><strong>Edmsinin</strong></span> <span class='ocrx_word' id='word_1_138' title='bbox 918 3528 952 3590; x_wconf 89' lang='lat' dir='ltr'><strong>ad</strong></span> <span class='ocrx_word' id='word_1_139' title='bbox 974 3529 1065 3590; x_wconf 86' lang='lat' dir='ltr'><strong>Here.</strong></span> <span class='ocrx_word' id='word_1_140' title='bbox 1090 3532 1145 3590; x_wconf 84' lang='lat' dir='ltr'><strong>sur.</strong></span> <span class='ocrx_word' id='word_1_141' title='bbox 1166 3535 1215 3594; x_wconf 80' lang='lat' dir='ltr'><strong>tt.</strong></span> 
     </span>
    </p>
   </div>
   <div class='ocr_carea' id='block_1_15' title="bbox 113 3626 1215 4290">
    <p class='ocr_par' dir='ltr' id='par_1_16' title="bbox 113 3626 1215 3958">
     <span class='ocr_line' id='line_1_25' title="bbox 197 3626 1214 3710; baseline 0 -20"><span class='ocrx_word' id='word_1_142' title='bbox 197 3632 291 3690; x_wconf 79' lang='lat'>1456.</span> <span class='ocrx_word' id='word_1_143' title='bbox 342 3626 482 3687; x_wconf 80' lang='grc' dir='ltr'><strong><em>Βοᾶσθοι</em></strong></span> <span class='ocrx_word' id='word_1_144' title='bbox 508 3627 646 3706; x_wconf 84' lang='lat' dir='ltr'><strong>quomedo</strong></span> <span class='ocrx_word' id='word_1_145' title='bbox 674 3626 778 3688; x_wconf 88' lang='lat' dir='ltr'><strong>dictum</strong></span> <span class='ocrx_word' id='word_1_146' title='bbox 809 3629 845 3688; x_wconf 94' lang='lat' dir='ltr'><strong>sit</strong></span> <span class='ocrx_word' id='word_1_147' title='bbox 866 3630 890 3688; x_wconf 89' lang='lat' dir='ltr'><strong>si</strong></span> <span class='ocrx_word' id='word_1_148' title='bbox 912 3631 974 3708; x_wconf 84' lang='lat' dir='ltr'><strong>quis</strong></span> <span class='ocrx_word' id='word_1_149' title='bbox 996 3642 1130 3710; x_wconf 87' lang='lat' dir='ltr'><strong>quaerat,</strong></span> <span class='ocrx_word' id='word_1_150' title='bbox 1159 3653 1214 3690; x_wconf 88' lang='lat' dir='ltr'><strong>nen</strong></span> 
     </span>
     <span class='ocr_line' id='line_1_26' title="bbox 113 3709 1215 3794; baseline 0 -22"><span class='ocrx_word' id='word_1_151' title='bbox 113 3711 227 3772; x_wconf 85' lang='lat' dir='ltr'><strong>multum</strong></span> <span class='ocrx_word' id='word_1_152' title='bbox 250 3713 312 3790; x_wconf 86' lang='lat' dir='ltr'><strong>opis</strong></span> <span class='ocrx_word' id='word_1_153' title='bbox 331 3721 428 3789; x_wconf 82' lang='lat' dir='ltr'><strong>petere</strong></span> <span class='ocrx_word' id='word_1_154' title='bbox 449 3711 553 3789; x_wconf 84' lang='lat' dir='ltr'><strong>peterit</strong></span> <span class='ocrx_word' id='word_1_155' title='bbox 569 3728 604 3770; x_wconf 84' lang='lat' dir='ltr'><strong>ex</strong></span> <span class='ocrx_word' id='word_1_156' title='bbox 624 3709 781 3770; x_wconf 86' lang='lat' dir='ltr'><strong>Parisieasi</strong></span> <span class='ocrx_word' id='word_1_157' title='bbox 797 3712 920 3772; x_wconf 83' lang='lat' dir='ltr'><strong>editione</strong></span> <span class='ocrx_word' id='word_1_158' title='bbox 936 3713 1076 3773; x_wconf 79' lang='lat' dir='ltr'><strong>Thesauri</strong></span> <span class='ocrx_word' id='word_1_159' title='bbox 1095 3716 1215 3794; x_wconf 86' lang='lat' dir='ltr'><strong>Stepha-</strong></span> 
     </span>
     <span class='ocr_line' id='line_1_27' title="bbox 113 3791 1215 3874; baseline -0.001 -18"><span class='ocrx_word' id='word_1_160' title='bbox 113 3798 208 3868; x_wconf 87' lang='lat' dir='ltr'><strong>niaui,</strong></span> <span class='ocrx_word' id='word_1_161' title='bbox 246 3793 276 3852; x_wconf 89' lang='lat' dir='ltr'><strong>in</strong></span> <span class='ocrx_word' id='word_1_162' title='bbox 304 3811 358 3871; x_wconf 88' lang='lat' dir='ltr'><strong>qun</strong></span> <span class='ocrx_word' id='word_1_163' title='bbox 381 3808 471 3872; x_wconf 85' lang='lat' dir='ltr'><strong>neque</strong></span> <span class='ocrx_word' id='word_1_164' title='bbox 493 3791 539 3853; x_wconf 88' lang='lat' dir='ltr'><strong>hie</strong></span> <span class='ocrx_word' id='word_1_165' title='bbox 561 3794 657 3866; x_wconf 85' lang='lat' dir='ltr'><strong>incus,</strong></span> <span class='ocrx_word' id='word_1_166' title='bbox 697 3815 842 3874; x_wconf 83' lang='lat' dir='ltr'><strong>hecquae</strong></span> <span class='ocrx_word' id='word_1_167' title='bbox 864 3795 983 3855; x_wconf 87' lang='lat' dir='ltr'><strong>adeum</strong></span> <span class='ocrx_word' id='word_1_168' title='bbox 1005 3795 1144 3856; x_wconf 80' lang='lat' dir='ltr'><strong>Matthiae</strong></span> <span class='ocrx_word' id='word_1_169' title='bbox 1166 3796 1215 3855; x_wconf 93' lang='lat' dir='ltr'><strong>ad-</strong></span> 
     </span>
     <span class='ocr_line' id='line_1_28' title="bbox 113 3873 1215 3958; baseline -0.004 -19"><span class='ocrx_word' id='word_1_170' title='bbox 113 3882 239 3951; x_wconf 87' lang='lat' dir='ltr'><strong>notavit,</strong></span> <span class='ocrx_word' id='word_1_171' title='bbox 264 3895 327 3948; x_wconf 85' lang='lat' dir='ltr'><strong>nen,</strong></span> <span class='ocrx_word' id='word_1_172' title='bbox 351 3873 423 3958; x_wconf 88' lang='lat' dir='ltr'><strong>quod</strong></span> <span class='ocrx_word' id='word_1_173' title='bbox 447 3877 569 3949; x_wconf 87' lang='lat' dir='ltr'><strong>mirere,</strong></span> <span class='ocrx_word' id='word_1_174' title='bbox 592 3887 640 3938; x_wconf 84' lang='lat' dir='ltr'><strong>sut</strong></span> <span class='ocrx_word' id='word_1_175' title='bbox 661 3875 810 3938; x_wconf 87' lang='lat' dir='ltr'><strong>Dnhraeus</strong></span> <span class='ocrx_word' id='word_1_176' title='bbox 833 3879 861 3937; x_wconf 93' lang='lat' dir='ltr'><strong>in</strong></span> <span class='ocrx_word' id='word_1_177' title='bbox 887 3877 1025 3938; x_wconf 85' lang='lat' dir='ltr'><strong>addendis</strong></span> <span class='ocrx_word' id='word_1_178' title='bbox 1045 3877 1215 3956; x_wconf 77' lang='lat' dir='ltr'><strong>Aristopha-</strong></span> 
     </span>
    </p>

    <p class='ocr_par' dir='ltr' id='par_1_17' title="bbox 113 3957 1215 4290">
     <span class='ocr_line' id='line_1_29' title="bbox 150 3959 1175 3998; baseline 0 0"><span class='ocrx_word' id='word_1_179' title='bbox 150 3963 157 3978; x_wconf 79' lang='lat'>⁸</span> <span class='ocrx_word' id='word_1_180' title='bbox 741 3959 750 3979; x_wconf 66' lang='lat'>³</span> <span class='ocrx_word' id='word_1_181' title='bbox 835 3962 842 3976; x_wconf 81' lang='lat'>⁸</span> <span class='ocrx_word' id='word_1_182' title='bbox 1162 3966 1175 3998; x_wconf 68' lang='lat' dir='ltr'>f</span> 
     </span>
     <span class='ocr_line' id='line_1_30' title="bbox 113 3957 1214 4128; baseline -0.002 -23"><span class='ocrx_word' id='word_1_183' title='bbox 113 3957 516 4124; x_wconf 61' lang='lat' dir='ltr'><strong>ii¹ia¹&#39;&#39;0¹tif⁵&#39;rii.iii¹&#39;i.</strong></span> <span class='ocrx_word' id='word_1_184' title='bbox 532 3969 623 4104; x_wconf 62' lang='lat'>¹333·</span> <span class='ocrx_word' id='word_1_185' title='bbox 642 3959 1214 4128; x_wconf 51' lang='lat' dir='ltr'><strong>itiitt‘fflt.‘hiattt‘thth</strong></span> 
     </span>
     <span class='ocr_line' id='line_1_31' title="bbox 114 4122 1215 4208; baseline 0 -21"><span class='ocrx_word' id='word_1_186' title='bbox 114 4129 184 4188; x_wconf 91' lang='lat' dir='ltr'><strong>haud</strong></span> <span class='ocrx_word' id='word_1_187' title='bbox 213 4147 284 4190; x_wconf 86' lang='lat' dir='ltr'><strong>sane</strong></span> <span class='ocrx_word' id='word_1_188' title='bbox 311 4122 390 4186; x_wconf 81' lang='lat' dir='ltr'><strong>firme</strong></span> <span class='ocrx_word' id='word_1_189' title='bbox 418 4139 582 4208; x_wconf 81' lang='lat' dir='ltr'><strong>argumento</strong></span> <span class='ocrx_word' id='word_1_190' title='bbox 610 4125 730 4186; x_wconf 86' lang='lat' dir='ltr'><strong>medium</strong></span> <span class='ocrx_word' id='word_1_191' title='bbox 758 4133 897 4206; x_wconf 77' lang='lat' dir='ltr'><strong>potestate</strong></span> <span class='ocrx_word' id='word_1_192' title='bbox 919 4126 1009 4185; x_wconf 86' lang='lat' dir='ltr'><strong>activa</strong></span> <span class='ocrx_word' id='word_1_193' title='bbox 1033 4125 1136 4186; x_wconf 84' lang='lat' dir='ltr'><strong>dictum</strong></span> <span class='ocrx_word' id='word_1_194' title='bbox 1158 4136 1215 4188; x_wconf 85' lang='lat' dir='ltr'><strong>sta·</strong></span> 
     </span>
     <span class='ocr_line' id='line_1_32' title="bbox 114 4206 1103 4290; baseline -0.001 -20"><span class='ocrx_word' id='word_1_195' title='bbox 114 4206 225 4286; x_wconf 77' lang='lat' dir='ltr'><strong>tuehat&#39;,</strong></span> <span class='ocrx_word' id='word_1_196' title='bbox 255 4212 283 4270; x_wconf 91' lang='lat' dir='ltr'><strong>ia</strong></span> <span class='ocrx_word' id='word_1_197' title='bbox 307 4229 387 4290; x_wconf 85' lang='lat' dir='ltr'><strong>quern</strong></span> <span class='ocrx_word' id='word_1_198' title='bbox 410 4226 469 4270; x_wconf 88' lang='lat' dir='ltr'><strong>rem</strong></span> <span class='ocrx_word' id='word_1_199' title='bbox 491 4209 633 4271; x_wconf 86' lang='lat' dir='ltr'><strong>Matthiae</strong></span> <span class='ocrx_word' id='word_1_200' title='bbox 654 4228 691 4268; x_wconf 82' lang='lat' dir='ltr'><strong>ex</strong></span> <span class='ocrx_word' id='word_1_201' title='bbox 710 4207 802 4288; x_wconf 76' lang='lat' dir='ltr'><strong>lphig.</strong></span> <span class='ocrx_word' id='word_1_202' title='bbox 821 4207 891 4268; x_wconf 80' lang='lat' dir='ltr'><strong>Aut.</strong></span> <span class='ocrx_word' id='word_1_203' title='bbox 905 4215 978 4272; x_wconf 78' lang='lat' dir='ltr'><strong>tet.</strong></span> <span class='ocrx_word' id='word_1_204' title='bbox 1002 4206 1103 4269; x_wconf 71' lang='lat' dir='ltr'><strong>afferte</strong></span> 
     </span>
    </p>
   </div>
   <div class='ocr_carea' id='block_1_16' title="bbox 275 4310 957 4483">
    <p class='ocr_par' dir='ltr' id='par_1_18' title="bbox 275 4310 957 4483">
     <span class='ocr_line' id='line_1_33' title="bbox 276 4310 885 4399; baseline -0.008 -17"><span class='ocrx_word' id='word_1_205' title='bbox 276 4312 421 4398; x_wconf 83' lang='grc' dir='ltr'><strong>ὗμέναιον</strong></span> <span class='ocrx_word' id='word_1_206' title='bbox 445 4310 594 4399; x_wconf 58' lang='lat' dir='ltr'><strong>adsedistis</strong></span> <span class='ocrx_word' id='word_1_207' title='bbox 614 4315 665 4379; x_wconf 79' lang='lat' dir='ltr'><strong>sni</strong></span> <span class='ocrx_word' id='word_1_208' title='bbox 686 4311 760 4392; x_wconf 76' lang='lat' dir='ltr'><strong>unani</strong></span> <span class='ocrx_word' id='word_1_209' title='bbox 782 4313 885 4398; x_wconf 74' lang='grc' dir='ltr'><strong>στέγας</strong></span> 
     </span>
     <span class='ocr_line' id='line_1_34' title="bbox 275 4395 957 4483; baseline -0.001 -20"><span class='ocrx_word' id='word_1_210' title='bbox 275 4396 371 4476; x_wconf 76' lang='grc' dir='ltr'><strong><em>λωτὸς</em></strong></span> <span class='ocrx_word' id='word_1_211' title='bbox 391 4399 519 4483; x_wconf 76' lang='grc' dir='ltr'><strong><em>βοάσθω</em></strong></span> <span class='ocrx_word' id='word_1_212' title='bbox 541 4395 592 4465; x_wconf 76' lang='lat' dir='ltr'><strong>uui</strong></span> <span class='ocrx_word' id='word_1_213' title='bbox 614 4397 719 4464; x_wconf 77' lang='lat' dir='ltr'><strong>nadair</strong></span> <span class='ocrx_word' id='word_1_214' title='bbox 739 4399 813 4465; x_wconf 79' lang='grc' dir='ltr'><strong><em>έοτο</em></strong></span> <span class='ocrx_word' id='word_1_215' title='bbox 834 4395 957 4476; x_wconf 77' lang='grc' dir='ltr'><strong>κτύπος.</strong></span> 
     </span>
    </p>
   </div>
   <div class='ocr_carea' id='block_1_17' title="bbox 114 4507 1215 4592">
    <p class='ocr_par' dir='ltr' id='par_1_19' title="bbox 114 4507 1215 4592">
     <span class='ocr_line' id='line_1_35' title="bbox 114 4507 1215 4592; baseline 0.001 -19"><span class='ocrx_word' id='word_1_216' title='bbox 114 4510 265 4574; x_wconf 83' lang='lat' dir='ltr'><strong>Elusieius</strong></span> <span class='ocrx_word' id='word_1_217' title='bbox 297 4520 389 4570; x_wconf 86' lang='lat' dir='ltr'><strong>auteur</strong></span> <span class='ocrx_word' id='word_1_218' title='bbox 420 4512 561 4590; x_wconf 76' lang='lat' dir='ltr'><strong>passivum</strong></span> <span class='ocrx_word' id='word_1_219' title='bbox 586 4508 714 4572; x_wconf 76' lang='lat' dir='ltr'><strong>defendit</strong></span> <span class='ocrx_word' id='word_1_220' title='bbox 732 4527 898 4592; x_wconf 77' lang='lat' dir='ltr'><strong>comparant</strong></span> <span class='ocrx_word' id='word_1_221' title='bbox 919 4507 1053 4576; x_wconf 69' lang='grc' dir='ltr'><strong>αὐλεῖται</strong></span> <span class='ocrx_word' id='word_1_222' title='bbox 1081 4513 1146 4574; x_wconf 76' lang='grc' dir='ltr'><strong>πᾶν</strong></span> <span class='ocrx_word' id='word_1_223' title='bbox 1165 4508 1215 4591; x_wconf 81' lang='grc' dir='ltr'><strong>μέ·</strong></span> 
     </span>
    </p>
   </div>
   <div class='ocr_carea' id='block_1_18' title="bbox 0 0 1511 5136">
    <p class='ocr_par' dir='ltr' id='par_1_20' title="bbox 0 0 1511 5136">
     <span class='ocr_line' id='line_1_36' title="bbox 0 0 1511 5136; baseline 0 0"><span class='ocrx_word' id='word_1_224' title='bbox 0 0 1511 5136; x_wconf 95' lang='lat' dir='ltr'><strong> </strong></span> 
     </span>
    </p>
   </div>
  </div>
 </body>
</html>
