2974 5138
624 309 674 379 27

270 486 296 558 oi
324 485 412 570 Διὸς
435 486 701 592 ὑπαγκάλισμα
726 491 864 589 σεμνὸν
880 495 978 595 Ἥρα
1116 590 1119 598 Ι

269 609 340 687 τὸν
364 608 542 690 ὠκύπουν
568 616 706 714 ἔπεμψε
733 617 914 703 Μαιάδος
937 616 1062 722 γόνον,

272 736 315 819 ὅς
337 765 385 833 με
406 738 543 837 χλοερὰ
567 738 801 838 δρεπομέναν

273 856 385 958 ῥόδεοί
410 891 450 936 τε
475 863 596 940 πέταλ’
622 867 694 942 ἔσω
719 867 879 955 πέπλων,

272 983 347 1060 τάν
370 987 598 1066 Χαλκίοικον
623 990 674 1074 ὡς
694 988 862 1090 μόλοιμ’,

273 1107 445 1208 ἁρπάσας
469 1112 523 1187 δι’
551 1114 702 1214 αἶθίρος

272 1231 388 1311 τόνδε
406 1243 521 1339 γαῖαν
543 1244 593 1322 ελς
619 1241 794 1340 ἄνολβον,

272 1360 370 1457 ἔριν,
398 1365 476 1461 ἔριν
500 1360 683 1441 τοίλαιναν
710 1369 815 1442 ἔθετο

272 1485 549 1584 Πριαμίδαισιν
569 1487 748 1574 Ἑλλάδος.

272 1605 317 1682 τὸ
343 1608 383 1685 δ’
410 1609 502 1710 ἐμὸν
528 1616 649 1710 ὄνομα
674 1615 775 1714 παρὰ
802 1616 1007 1716 Σιμουντί-

272 1760 327 1816 οις
352 1740 469 1832 ῥοαῖσι

271 1857 459 1958 μαψίδιον
485 1863 556 1959 ἔχει
582 1863 707 1964 φότιν.

539 2072 584 2141 Χ
590 2070 760 2144 ΟΡΟΣ.

92 2209 184 2307 ἔχεις
208 2211 282 2310 μὲν
307 2213 463 2318 ἀλγείν’,
490 2217 594 2296 οἶδα·
622 2219 820 2322 σύμφορον
845 2219 889 2298 δί
909 2251 967 2298 τοι

94 2335 146 2420 ὡς
166 2343 288 2437 ῥᾷστα
312 2341 524 2445 τάναγκαῖα
547 2354 615 2422 τοῦ
638 2346 729 2446 βίου
755 2349 891 2448 φέρειν.

544 2551 756 2627 ΕΛΕΝΗ.

96 2692 204 2793 φίλαι
228 2703 421 2798 γυναῖκες,
447 2700 521 2777 τίνι
545 2700 677 2806 πότμῳ
703 2701 930 2806 συνεζύγην,

97 2817 160 2921 ἆρ’
187 2819 211 2914 ἡ
234 2822 394 2900 τεκοῦσοί
417 2828 464 2924 μ’
492 2830 612 2906 ἔτεκεν
638 2829 856 2930 ἀνθρώποις
879 2829 1005 2930 τίραςῑ

96 3003 376 3018 Ἢ

98 3099 210 3179 Scripsi
225 3095 258 3160 ἓν
278 3095 312 3161 δὲ
336 3112 367 3162 et
385 3104 496 3163 restitui
513 3101 660 3164 articulum
674 3112 739 3164 onte
755 3098 843 3181 Διός,
864 3106 911 3185 qni
929 3079 983 3183 per
995 3082 1205 3163 similitudinem

97 3183 256 3242 litterarum
278 3185 391 3265 fugerat
410 3189 552 3267 antiquum
574 3188 707 3246 scribam.

180 3283 224 3343 V.
243 3289 318 3346 249.
356 3285 510 3347 ΕΙιοεΙείιιε
522 3286 558 3347 ad
572 3285 637 3365 lph.
652 3287 741 3346 Tanr.
758 3293 832 3358 824,
849 3296 878 3347 1.
894 3294 924 3344 ot
935 3282 971 3344 ad
983 3285 1092 3346 Bacch.
1111 3291 1204 3351 1153.

99 3368 278 3446 ignoratione
290 3367 642 3449 οολίελεορλιίοοιοιοἭρα
653 3367 871 3430 additamentum
886 3369 1049 3447 interpretis
1062 3389 1127 3432 esse
1140 3393 1207 3451 pro·

100 3451 255 3510 nunciavit.
300 3452 397 3532 Itaque
418 3472 554 3533 sequaces
568 3454 649 3512 noris
663 3454 838 3514 incluserunt
849 3451 992 3513 Dindorfii
1004 3465 1034 3512 et
1045 3454 1204 3535 Pflngkins.

181 3549 222 3612 V.
248 3555 323 3614 250.
367 3550 448 3612 Flor.
475 3561 505 3614 1.
529 3564 560 3615 2.
584 3550 683 3638 γόνος.

181 3647 223 3714 V.
247 3656 322 3714 251.
366 3651 465 3711 Libri:
489 3649 524 3728 ός
545 3676 581 3736 με
602 3648 709 3734 χλοερὰ
733 3649 921 3733 δρεπομέναν
940 3649 997 3713 ἔστι
1012 3651 1136 3714 πέπλων
1157 3650 1208 3728 ρ’ό-

100 3733 153 3796 δεα
173 3733 303 3808 πέταλα,
331 3736 503 3814 χαλκίοικον
524 3734 565 3812 ὥς
585 3731 718 3799 Ἀθόναν
740 3733 866 3817 μόλοιμ’.
923 3735 1009 3796 Patet
1035 3747 1064 3795 et
1086 3759 1118 3798 τε
1141 3748 1208 3796 ante

100 3817 213 3881 πέταλα
230 3819 373 3880 excidisse
392 3829 422 3878 et
437 3821 577 3880 turbatum
597 3841 662 3882 esse
680 3819 808 3882 ordinem
826 3822 990 3892 vorborum,
1011 3815 1143 3881 Ἀθᾶναν
1158 3839 1208 3877 au·

102 3913 158 3962 tom
176 3903 212 3962 ab
230 3903 389 3984 interprete
409 3922 473 3962 esse
487 3899 640 3964 adiectum.
682 3904 729 3963 Εο
749 3903 865 3984 expulso
883 3902 1062 3964 scribendum
1082 3903 1135 3960 soit
1153 3897 1209 3963 τόν

107 3986 305 4063 Χαλκίοικον,
325 3999 355 4046 ut
371 4006 399 4046 v.
415 3991 505 4060 234„
529 4008 583 4067 quo
602 3988 683 4047 simul
703 3999 822 4050 metrum
844 3987 1015 4048 restitutum.

185 4086 226 4148 V.
251 4091 324 4149 254.
367 4084 450 4146 Libri
470 4083 655 4170 α’ναρποίσας.

186 4186 228 4248 V.
251 4192 326 4252 257.
371 4185 451 4246 Flor.
474 4199 503 4252 1.
528 4190 757 4270 Πριαμίδεσσιν.

185 4286 227 4348 V.
252 4297 327 4352 261.
375 4291 457 4353 Flor.
485 4302 514 4355 1.
533 4302 565 4353 et
581 4292 648 4354 edd.
667 4304 738 4355 vett.
761 4291 923 4373 συμφέρον.
973 4288 1155 4369 Musgnvius
1174 4311 1211 4351 ox

105 4366 189 4428 codd.
211 4371 282 4434 Por.
299 4373 339 4435 Ε.
356 4375 394 4434 G.
409 4375 577 4458 σύμφορον.
619 4375 669 4454 δίο
685 4376 782 4448 etiam,
806 4376 996 4456 superscripto
1008 4375 1043 4436 ab
1058 4376 1113 4434 olio
1127 4393 1210 4435 mann

106 4473 137 4526 ε,
157 4453 240 4514 Flor.
259 4466 292 4518 2.
311 4469 341 4518 et
354 4459 436 4530 ,vion
488 4461 522 4521 In
545 4460 600 4519 fine
618 4475 717 4520 versus
740 4457 814 4541 qnod
832 4459 895 4520 libri
917 4459 1024 4522 habent
1043 4477 1107 4535 σοι,
1129 4469 1210 4518 recte

106 4533 141 4594 L.
165 4536 332 4602 Diodorfius
351 4565 401 4608 ,τοι
418 4543 597 4628 scribendum
617 4542 697 4603 vidit.
