<?xml version="1.0" encoding="UTF-8"?>
<!DOCTYPE html PUBLIC "-//W3C//DTD XHTML 1.0 Transitional//EN"
    "http://www.w3.org/TR/xhtml1/DTD/xhtml1-transitional.dtd">
<html xmlns="http://www.w3.org/1999/xhtml" xml:lang="en" lang="en">
 <head>
  <title>
</title>
<meta http-equiv="Content-Type" content="text/html;charset=utf-8" />
  <meta name='ocr-system' content='tesseract 3.04.00' />
  <meta name='ocr-capabilities' content='ocr_page ocr_carea ocr_par ocr_line ocrx_word'/>
</head>
<body>
  <div class='ocr_page' id='page_1' title='image "./euripidistragoe09eurigoog/euripidistragoe09eurigoog_0409.png"; bbox 0 0 3026 5134; ppageno 0'>
   <div class='ocr_carea' id='block_1_1' title="bbox 810 312 901 402">
    <p class='ocr_par' dir='ltr' id='par_1_1' title="bbox 810 312 901 402">
     <span class='ocr_line' id='line_1_1' title="bbox 810 312 901 402; baseline -0.022 0"><span class='ocrx_word' id='word_1_1' title='bbox 810 312 901 402; x_wconf 79' lang='grc' dir='ltr'>58Ι</span> 
     </span>
    </p>
   </div>
   <div class='ocr_carea' id='block_1_2' title="bbox 210 504 1338 1487">
    <p class='ocr_par' dir='ltr' id='par_1_2' title="bbox 383 504 1199 615">
     <span class='ocr_line' id='line_1_2' title="bbox 383 504 1199 615; baseline 0.004 -31"><span class='ocrx_word' id='word_1_2' title='bbox 383 513 453 585; x_wconf 82' lang='grc' dir='ltr'><strong><em>τοῦ</em></strong></span> <span class='ocrx_word' id='word_1_3' title='bbox 478 507 593 593; x_wconf 82' lang='grc' dir='ltr'><strong><em>ξένων</em></strong></span> <span class='ocrx_word' id='word_1_4' title='bbox 617 504 861 606; x_wconf 84' lang='grc' dir='ltr'><strong><em>δαιτυμόνας·</em></strong></span> <span class='ocrx_word' id='word_1_5' title='bbox 888 509 979 611; x_wconf 84' lang='grc' dir='ltr'><strong><em>πορὶ</em></strong></span> <span class='ocrx_word' id='word_1_6' title='bbox 1001 509 1076 615; x_wconf 70' lang='grc' dir='ltr'>γὰρ</span> <span class='ocrx_word' id='word_1_7' title='bbox 1100 506 1199 610; x_wconf 87' lang='grc' dir='ltr'><strong><em>τάχα</em></strong></span> 
     </span>
    </p>

    <p class='ocr_par' dir='ltr' id='par_1_3' title="bbox 329 629 1338 1116">
     <span class='ocr_line' id='line_1_3' title="bbox 329 629 867 734; baseline 0 -26"><span class='ocrx_word' id='word_1_8' title='bbox 329 705 333 720; x_wconf 28' lang='grc' dir='ltr'><em>Ι</em></span> <span class='ocrx_word' id='word_1_9' title='bbox 386 629 611 734; x_wconf 85' lang='grc' dir='ltr'><strong><em>φωςφόρονς</em></strong></span> <span class='ocrx_word' id='word_1_10' title='bbox 633 632 712 709; x_wconf 84' lang='grc' dir='ltr'><strong><em>ὀλεῖ</em></strong></span> <span class='ocrx_word' id='word_1_11' title='bbox 733 629 867 734; x_wconf 88' lang='grc' dir='ltr'><strong><em>κόρας·</em></strong></span> 
     </span>
     <span class='ocr_line' id='line_1_4' title="bbox 384 757 912 860; baseline 0.002 -25"><span class='ocrx_word' id='word_1_12' title='bbox 384 758 457 854; x_wconf 81' lang='grc' dir='ltr'>ἠδη</span> <span class='ocrx_word' id='word_1_13' title='bbox 484 757 596 842; x_wconf 86' lang='grc' dir='ltr'><strong><em>δαλὸς</em></strong></span> <span class='ocrx_word' id='word_1_14' title='bbox 618 757 912 860; x_wconf 73' lang='grc' dir='ltr'><strong><em>ἠνθρακωμένος</em></strong></span> 
     </span>
     <span class='ocr_line' id='line_1_5' title="bbox 385 880 1338 987; baseline -0.002 -27"><span class='ocrx_word' id='word_1_15' title='bbox 385 880 587 986; x_wconf 83' lang='grc' dir='ltr'><strong><em>κρύπτεται</em></strong></span> <span class='ocrx_word' id='word_1_16' title='bbox 613 887 663 967; x_wconf 73' lang='grc' dir='ltr'><strong><em>εἰς</em></strong></span> <span class='ocrx_word' id='word_1_17' title='bbox 688 880 867 974; x_wconf 77' lang='grc' dir='ltr'><strong><em>σποδιόν,</em></strong></span> <span class='ocrx_word' id='word_1_18' title='bbox 901 883 1015 982; x_wconf 83' lang='grc' dir='ltr'><strong><em>δρυὸς</em></strong></span> <span class='ocrx_word' id='word_1_19' title='bbox 1039 888 1198 964; x_wconf 81' lang='grc' dir='ltr'><strong><em>ἄσπετον</em></strong></span> <span class='ocrx_word' id='word_1_20' title='bbox 1223 887 1338 987; x_wconf 72' lang='grc' dir='ltr'><strong><em>ἔρνος.</em></strong></span> 
     </span>
     <span class='ocr_line' id='line_1_6' title="bbox 384 1003 1064 1116; baseline 0.004 -34"><span class='ocrx_word' id='word_1_21' title='bbox 384 1009 469 1083; x_wconf 75' lang='grc' dir='ltr'><strong><em>ἀλλ’</em></strong></span> <span class='ocrx_word' id='word_1_22' title='bbox 493 1012 562 1083; x_wconf 80' lang='grc' dir='ltr'><strong><em>ἴτω</em></strong></span> <span class='ocrx_word' id='word_1_23' title='bbox 587 1003 759 1110; x_wconf 79' lang='grc' dir='ltr'><strong><em>Μάρων,</em></strong></span> <span class='ocrx_word' id='word_1_24' title='bbox 790 1010 1002 1108; x_wconf 82' lang='grc' dir='ltr'><strong><em>πρασσέτω·</em></strong></span> <span class='ocrx_word' id='word_1_25' title='bbox 1058 1106 1064 1116; x_wconf 31' lang='grc' dir='ltr'>Ι</span> 
     </span>
    </p>

    <p class='ocr_par' dir='ltr' id='par_1_4' title="bbox 313 1122 990 1236">
     <span class='ocr_line' id='line_1_7' title="bbox 313 1122 990 1236; baseline 0.007 -30"><span class='ocrx_word' id='word_1_26' title='bbox 313 1149 315 1160; x_wconf 88' lang='grc'><em>“</em></span> <span class='ocrx_word' id='word_1_27' title='bbox 382 1122 610 1231; x_wconf 62' lang='grc' dir='ltr'><strong><em>μαινομένοιο</em></strong></span> <span class='ocrx_word' id='word_1_28' title='bbox 626 1128 773 1218; x_wconf 49' lang='grc' dir='ltr'><strong><em>ἷξελίτω</em></strong></span> <span class='ocrx_word' id='word_1_29' title='bbox 797 1133 990 1236; x_wconf 76' lang='grc' dir='ltr'><strong><em>βλέφαρον</em></strong></span> 
     </span>
    </p>

    <p class='ocr_par' dir='ltr' id='par_1_5' title="bbox 210 1252 928 1356">
     <span class='ocr_line' id='line_1_8' title="bbox 210 1252 928 1356; baseline 0.011 -27"><span class='ocrx_word' id='word_1_30' title='bbox 210 1275 273 1340; x_wconf 80' lang='lat'>620</span> <span class='ocrx_word' id='word_1_31' title='bbox 381 1252 603 1345; x_wconf 85' lang='grc' dir='ltr'><strong><em>Κύκλωπος,</em></strong></span> <span class='ocrx_word' id='word_1_32' title='bbox 628 1256 679 1341; x_wconf 82' lang='grc' dir='ltr'><strong><em>ὥς</em></strong></span> <span class='ocrx_word' id='word_1_33' title='bbox 702 1256 767 1356; x_wconf 81' lang='grc' dir='ltr'><strong><em>πίῃ</em></strong></span> <span class='ocrx_word' id='word_1_34' title='bbox 791 1267 928 1344; x_wconf 81' lang='grc' dir='ltr'><strong><em>κακῶς.</em></strong></span> 
     </span>
    </p>

    <p class='ocr_par' dir='ltr' id='par_1_6' title="bbox 378 1373 1106 1487">
     <span class='ocr_line' id='line_1_9' title="bbox 378 1373 1106 1487; baseline 0.005 -32"><span class='ocrx_word' id='word_1_35' title='bbox 378 1378 486 1484; x_wconf 75' lang='grc' dir='ltr'><strong><em>κάμω</em></strong></span> <span class='ocrx_word' id='word_1_36' title='bbox 510 1373 577 1458; x_wconf 86' lang='grc' dir='ltr'>τόν</span> <span class='ocrx_word' id='word_1_37' title='bbox 597 1381 911 1487; x_wconf 84' lang='grc' dir='ltr'><strong><em>φιλοκισσοφόρον</em></strong></span> <span class='ocrx_word' id='word_1_38' title='bbox 936 1380 1106 1486; x_wconf 78' lang='grc' dir='ltr'><strong><em>Βρόμιον</em></strong></span> 
     </span>
    </p>
   </div>
   <div class='ocr_carea' id='block_1_3' title="bbox 277 1573 543 1594">
    <p class='ocr_par' dir='ltr' id='par_1_7' title="bbox 277 1573 543 1594">
     <span class='ocr_line' id='line_1_10' title="bbox 277 1573 543 1594; baseline -0.015 0"><span class='ocrx_word' id='word_1_39' title='bbox 277 1573 543 1594; x_wconf 51' lang='lat'>*-</span> 
     </span>
    </p>
   </div>
   <div class='ocr_carea' id='block_1_4' title="bbox 191 1701 1388 1872">
    <p class='ocr_par' dir='ltr' id='par_1_8' title="bbox 191 1655 1388 1872">
     <span class='ocr_line' id='line_1_11' title="bbox 191 1701 1388 1787; baseline -0.001 -25"><span class='ocrx_word' id='word_1_40' title='bbox 191 1765 194 1778; x_wconf 62' lang='grc'>,</span> <span class='ocrx_word' id='word_1_41' title='bbox 279 1715 381 1763; x_wconf 90' lang='lat' dir='ltr'>runtur</span> <span class='ocrx_word' id='word_1_42' title='bbox 401 1704 475 1762; x_wconf 89' lang='lat' dir='ltr'>enim</span> <span class='ocrx_word' id='word_1_43' title='bbox 497 1704 590 1766; x_wconf 82' lang='lat' dir='ltr'>omnia</span> <span class='ocrx_word' id='word_1_44' title='bbox 611 1702 648 1763; x_wconf 84' lang='lat' dir='ltr'>ad</span> <span class='ocrx_word' id='word_1_45' title='bbox 668 1705 813 1780; x_wconf 89' lang='lat' dir='ltr'>titionem,</span> <span class='ocrx_word' id='word_1_46' title='bbox 846 1705 1004 1787; x_wconf 82' lang='lat' dir='ltr'>collumque</span> <span class='ocrx_word' id='word_1_47' title='bbox 1024 1701 1215 1766; x_wconf 90' lang='lat' dir='ltr'>tantummodo</span> <span class='ocrx_word' id='word_1_48' title='bbox 1236 1713 1388 1784; x_wconf 84' lang='lat' dir='ltr'>propterca</span> 
     </span>
     <span class='ocr_line' id='line_1_12' title="bbox 279 1782 1209 1872; baseline 0 -25"><span class='ocrx_word' id='word_1_49' title='bbox 279 1788 457 1859; x_wconf 86' lang='lat' dir='ltr'>nominatur,</span> <span class='ocrx_word' id='word_1_50' title='bbox 476 1785 558 1866; x_wconf 78' lang='lat' dir='ltr'>quod</span> <span class='ocrx_word' id='word_1_51' title='bbox 579 1782 815 1872; x_wconf 75' lang='grc' dir='ltr'><strong><em>όνθρωποφαχλα</em></strong></span> <span class='ocrx_word' id='word_1_52' title='bbox 836 1790 972 1871; x_wconf 85' lang='lat' dir='ltr'>Cyclopis</span> <span class='ocrx_word' id='word_1_53' title='bbox 993 1788 1134 1870; x_wconf 84' lang='lat' dir='ltr'>punienda</span> <span class='ocrx_word' id='word_1_54' title='bbox 1155 1799 1209 1848; x_wconf 88' lang='lat' dir='ltr'>est.</span> 
     </span>
    </p>
   </div>
   <div class='ocr_carea' id='block_1_5' title="bbox 234 1883 1497 4023">
    <p class='ocr_par' dir='ltr' id='par_1_9' title="bbox 234 1883 1497 3667">
     <span class='ocr_line' id='line_1_13' title="bbox 360 1883 1386 1969; baseline -0.007 -19"><span class='ocrx_word' id='word_1_55' title='bbox 360 1887 432 1950; x_wconf 78' lang='lat'>⁶14.</span> <span class='ocrx_word' id='word_1_56' title='bbox 475 1883 599 1946; x_wconf 79' lang='lat' dir='ltr'><strong>Versum</strong></span> <span class='ocrx_word' id='word_1_57' title='bbox 629 1887 795 1949; x_wconf 81' lang='lat' dir='ltr'>haberemus</span> <span class='ocrx_word' id='word_1_58' title='bbox 817 1887 987 1969; x_wconf 83' lang='lat' dir='ltr'>dactylicum</span> <span class='ocrx_word' id='word_1_59' title='bbox 1009 1898 1220 1956; x_wconf 89' lang='lat' dir='ltr'>tetrametrum,</span> <span class='ocrx_word' id='word_1_60' title='bbox 1251 1886 1276 1944; x_wconf 90' lang='lat' dir='ltr'>si</span> <span class='ocrx_word' id='word_1_61' title='bbox 1297 1884 1386 1945; x_wconf 88' lang='lat' dir='ltr'>anda-</span> 
     </span>
     <span class='ocr_line' id='line_1_14' title="bbox 278 1966 1382 2052; baseline -0.001 -23"><span class='ocrx_word' id='word_1_62' title='bbox 278 1971 339 2029; x_wconf 90' lang='lat' dir='ltr'>cius</span> <span class='ocrx_word' id='word_1_63' title='bbox 368 1970 489 2028; x_wconf 77' lang='lat' dir='ltr'>formato</span> <span class='ocrx_word' id='word_1_64' title='bbox 517 1970 654 2029; x_wconf 88' lang='lat' dir='ltr'>vocabulo</span> <span class='ocrx_word' id='word_1_65' title='bbox 684 1966 923 2052; x_wconf 84' lang='grc' dir='ltr'><strong><em>ξενοδαιτυμόνος</em></strong></span> <span class='ocrx_word' id='word_1_66' title='bbox 952 1972 1111 2050; x_wconf 81' lang='lat' dir='ltr'>legeretur,</span> <span class='ocrx_word' id='word_1_67' title='bbox 1142 1969 1228 2030; x_wconf 90' lang='lat' dir='ltr'>sicuti</span> <span class='ocrx_word' id='word_1_68' title='bbox 1254 1989 1283 2031; x_wconf 87' lang='lat' dir='ltr'>v.</span> <span class='ocrx_word' id='word_1_69' title='bbox 1308 1969 1382 2032; x_wconf 80' lang='lat'><strong>66⁰.</strong></span> 
     </span>
     <span class='ocr_line' id='line_1_15' title="bbox 276 2049 775 2136; baseline 0 -21"><span class='ocrx_word' id='word_1_70' title='bbox 276 2052 443 2128; x_wconf 80' lang='grc' dir='ltr'><strong><em>ξενοδαλτας</em></strong></span> <span class='ocrx_word' id='word_1_71' title='bbox 464 2049 555 2111; x_wconf 90' lang='lat' dir='ltr'>dictus</span> <span class='ocrx_word' id='word_1_72' title='bbox 576 2063 620 2112; x_wconf 87' lang='lat' dir='ltr'>est</span> <span class='ocrx_word' id='word_1_73' title='bbox 641 2053 775 2136; x_wconf 83' lang='lat' dir='ltr'>Cyclops.</span> 
     </span>
     <span class='ocr_line' id='line_1_16' title="bbox 359 2145 1384 2234; baseline -0.006 -17"><span class='ocrx_word' id='word_1_74' title='bbox 359 2153 432 2217; x_wconf 75' lang='lat' dir='ltr'>dib.</span> <span class='ocrx_word' id='word_1_75' title='bbox 475 2151 509 2212; x_wconf 92' lang='lat' dir='ltr'>In</span> <span class='ocrx_word' id='word_1_76' title='bbox 537 2149 602 2211; x_wconf 92' lang='lat' dir='ltr'>edd.</span> <span class='ocrx_word' id='word_1_77' title='bbox 632 2164 701 2213; x_wconf 88' lang='lat' dir='ltr'>vett.</span> <span class='ocrx_word' id='word_1_78' title='bbox 735 2155 776 2214; x_wconf 90' lang='lat' dir='ltr'>sio</span> <span class='ocrx_word' id='word_1_79' title='bbox 799 2153 1023 2233; x_wconf 81' lang='lat' dir='ltr'>interpungitnr:</span> <span class='ocrx_word' id='word_1_80' title='bbox 1054 2149 1126 2234; x_wconf 76' lang='grc' dir='ltr'><strong><em>πυρὶ</em></strong></span> <span class='ocrx_word' id='word_1_81' title='bbox 1143 2145 1197 2234; x_wconf 79' lang='grc' dir='ltr'>γάρ</span> <span class='ocrx_word' id='word_1_82' title='bbox 1215 2145 1286 2231; x_wconf 90' lang='grc' dir='ltr'><strong><em>τάχα</em></strong></span> <span class='ocrx_word' id='word_1_83' title='bbox 1307 2173 1384 2229; x_wconf 85' lang='grc' dir='ltr'><strong><em>φας-</em></strong></span> 
     </span>
     <span class='ocr_line' id='line_1_17' title="bbox 276 2229 1384 2318; baseline -0.002 -21"><span class='ocrx_word' id='word_1_84' title='bbox 276 2229 389 2316; x_wconf 82' lang='grc' dir='ltr'><strong><em>φόρονς</em></strong></span> <span class='ocrx_word' id='word_1_85' title='bbox 418 2230 482 2298; x_wconf 83' lang='grc' dir='ltr'><strong><em>ὀλεῖ</em></strong></span> <span class='ocrx_word' id='word_1_86' title='bbox 505 2229 602 2316; x_wconf 87' lang='grc' dir='ltr'><strong><em>κόρας.</em></strong></span> <span class='ocrx_word' id='word_1_87' title='bbox 643 2232 702 2317; x_wconf 83' lang='grc' dir='ltr'>ἠδη</span> <span class='ocrx_word' id='word_1_88' title='bbox 724 2231 813 2310; x_wconf 81' lang='grc' dir='ltr'><strong><em>δαλὸς</em></strong></span> <span class='ocrx_word' id='word_1_89' title='bbox 831 2232 1059 2318; x_wconf 59' lang='grc' dir='ltr'><strong><em>ἠνθρακωμνος</em></strong></span> <span class='ocrx_word' id='word_1_90' title='bbox 1078 2230 1233 2318; x_wconf 73' lang='grc' dir='ltr'><strong><em>κρύπτεται</em></strong></span> <span class='ocrx_word' id='word_1_91' title='bbox 1252 2234 1295 2306; x_wconf 83' lang='grc' dir='ltr'><strong><em>ελς</em></strong></span> <span class='ocrx_word' id='word_1_92' title='bbox 1314 2251 1384 2295; x_wconf 91' lang='grc' dir='ltr'><strong><em>σπο-</em></strong></span> 
     </span>
     <span class='ocr_line' id='line_1_18' title="bbox 276 2312 1386 2402; baseline -0.005 -22"><span class='ocrx_word' id='word_1_93' title='bbox 276 2313 360 2396; x_wconf 73' lang='grc' dir='ltr'><strong><em>διόν,</em></strong></span> <span class='ocrx_word' id='word_1_94' title='bbox 389 2312 478 2400; x_wconf 82' lang='grc' dir='ltr'><strong><em>δρυός</em></strong></span> <span class='ocrx_word' id='word_1_95' title='bbox 498 2313 620 2380; x_wconf 81' lang='grc' dir='ltr'><strong><em>άσπετον</em></strong></span> <span class='ocrx_word' id='word_1_96' title='bbox 641 2319 731 2402; x_wconf 77' lang='grc' dir='ltr'><strong><em>ἔρνος.</em></strong></span> <span class='ocrx_word' id='word_1_97' title='bbox 772 2321 908 2380; x_wconf 85' lang='lat' dir='ltr'>Reiskius</span> <span class='ocrx_word' id='word_1_98' title='bbox 931 2321 1068 2380; x_wconf 85' lang='lat' dir='ltr'>sublatam</span> <span class='ocrx_word' id='word_1_99' title='bbox 1090 2329 1153 2400; x_wconf 91' lang='lat' dir='ltr'>post</span> <span class='ocrx_word' id='word_1_100' title='bbox 1174 2313 1264 2400; x_wconf 82' lang='grc' dir='ltr'><strong><em>κόρας</em></strong></span> <span class='ocrx_word' id='word_1_101' title='bbox 1282 2316 1386 2376; x_wconf 89' lang='lat' dir='ltr'>distin-</span> 
     </span>
     <span class='ocr_line' id='line_1_19' title="bbox 275 2397 1384 2485; baseline -0.001 -23"><span class='ocrx_word' id='word_1_102' title='bbox 275 2403 398 2462; x_wconf 78' lang='lat' dir='ltr'><strong>ctionem</strong></span> <span class='ocrx_word' id='word_1_103' title='bbox 420 2402 486 2482; x_wconf 92' lang='lat' dir='ltr'>poni</span> <span class='ocrx_word' id='word_1_104' title='bbox 505 2413 570 2482; x_wconf 89' lang='lat' dir='ltr'>post</span> <span class='ocrx_word' id='word_1_105' title='bbox 588 2397 816 2485; x_wconf 67' lang='grc' dir='ltr'><strong><em>ἠνθρακωμένος</em></strong></span> <span class='ocrx_word' id='word_1_106' title='bbox 832 2403 956 2464; x_wconf 85' lang='lat' dir='ltr'>volebat.</span> <span class='ocrx_word' id='word_1_107' title='bbox 993 2402 1026 2464; x_wconf 94' lang='lat' dir='ltr'>ld</span> <span class='ocrx_word' id='word_1_108' title='bbox 1047 2424 1131 2485; x_wconf 92' lang='lat' dir='ltr'>quum</span> <span class='ocrx_word' id='word_1_109' title='bbox 1148 2403 1176 2460; x_wconf 90' lang='lat' dir='ltr'>in</span> <span class='ocrx_word' id='word_1_110' title='bbox 1193 2421 1245 2460; x_wconf 88' lang='lat' dir='ltr'>sua</span> <span class='ocrx_word' id='word_1_111' title='bbox 1259 2399 1384 2461; x_wconf 77' lang='lat' dir='ltr'>editione</span> 
     </span>
     <span class='ocr_line' id='line_1_20' title="bbox 275 2481 1394 2567; baseline -0.002 -22"><span class='ocrx_word' id='word_1_112' title='bbox 275 2484 436 2546; x_wconf 80' lang='lat' dir='ltr'>admisisset</span> <span class='ocrx_word' id='word_1_113' title='bbox 454 2485 611 2558; x_wconf 85' lang='lat' dir='ltr'>Matthiae,</span> <span class='ocrx_word' id='word_1_114' title='bbox 642 2487 671 2545; x_wconf 89' lang='lat' dir='ltr'>in</span> <span class='ocrx_word' id='word_1_115' title='bbox 693 2486 892 2560; x_wconf 76' lang='lat' dir='ltr'>adnotatione,</span> <span class='ocrx_word' id='word_1_116' title='bbox 916 2507 952 2547; x_wconf 93' lang='lat' dir='ltr'>ne</span> <span class='ocrx_word' id='word_1_117' title='bbox 972 2482 1044 2567; x_wconf 90' lang='grc' dir='ltr'><strong><em>τάχα</em></strong></span> <span class='ocrx_word' id='word_1_118' title='bbox 1065 2497 1095 2546; x_wconf 93' lang='lat' dir='ltr'>et</span> <span class='ocrx_word' id='word_1_119' title='bbox 1113 2481 1171 2566; x_wconf 83' lang='grc' dir='ltr'>ἠδη</span> <span class='ocrx_word' id='word_1_120' title='bbox 1193 2485 1221 2544; x_wconf 93' lang='lat' dir='ltr'>in</span> <span class='ocrx_word' id='word_1_121' title='bbox 1243 2504 1298 2543; x_wconf 91' lang='lat' dir='ltr'>una</span> <span class='ocrx_word' id='word_1_122' title='bbox 1317 2504 1394 2562; x_wconf 39' lang='lat' dir='ltr'>sen„</span> 
     </span>
     <span class='ocr_line' id='line_1_21' title="bbox 276 2568 1381 2650; baseline -0.002 -22"><span class='ocrx_word' id='word_1_123' title='bbox 276 2570 365 2628; x_wconf 84' lang='lat' dir='ltr'>tentia</span> <span class='ocrx_word' id='word_1_124' title='bbox 386 2570 636 2650; x_wconf 82' lang='lat' dir='ltr'>coniungerentur,</span> <span class='ocrx_word' id='word_1_125' title='bbox 663 2572 802 2631; x_wconf 88' lang='lat' dir='ltr'>veriorem</span> <span class='ocrx_word' id='word_1_126' title='bbox 825 2570 953 2630; x_wconf 88' lang='lat' dir='ltr'>indicans</span> <span class='ocrx_word' id='word_1_127' title='bbox 970 2582 1095 2631; x_wconf 85' lang='lat' dir='ltr'>veterem</span> <span class='ocrx_word' id='word_1_128' title='bbox 1114 2568 1381 2647; x_wconf 76' lang='lat' dir='ltr'>interpunctionem,</span> 
     </span>
     <span class='ocr_line' id='line_1_22' title="bbox 275 2644 1385 2736; baseline 0.001 -26"><span class='ocrx_word' id='word_1_129' title='bbox 275 2662 369 2712; x_wconf 86' lang='lat' dir='ltr'>tamen</span> <span class='ocrx_word' id='word_1_130' title='bbox 399 2654 483 2713; x_wconf 88' lang='lat' dir='ltr'>aliam</span> <span class='ocrx_word' id='word_1_131' title='bbox 514 2653 720 2714; x_wconf 79' lang='lat' dir='ltr'>commendavit</span> <span class='ocrx_word' id='word_1_132' title='bbox 745 2654 921 2714; x_wconf 86' lang='lat' dir='ltr'>huiusmodi:</span> <span class='ocrx_word' id='word_1_133' title='bbox 950 2653 1022 2735; x_wconf 79' lang='grc' dir='ltr'><strong><em>πυρὶ</em></strong></span> <span class='ocrx_word' id='word_1_134' title='bbox 1040 2647 1095 2736; x_wconf 73' lang='grc' dir='ltr'>γάρ</span> <span class='ocrx_word' id='word_1_135' title='bbox 1115 2647 1186 2732; x_wconf 88' lang='grc' dir='ltr'><strong><em>τάχα</em></strong></span> <span class='ocrx_word' id='word_1_136' title='bbox 1206 2644 1385 2731; x_wconf 85' lang='grc' dir='ltr'><strong><em>φωςφόροος</em></strong></span> 
     </span>
     <span class='ocr_line' id='line_1_23' title="bbox 274 2729 1384 2819; baseline -0.001 -22"><span class='ocrx_word' id='word_1_137' title='bbox 274 2730 337 2798; x_wconf 84' lang='grc' dir='ltr'><strong><em>ὀλεῖ</em></strong></span> <span class='ocrx_word' id='word_1_138' title='bbox 349 2730 446 2819; x_wconf 84' lang='grc' dir='ltr'><strong><em>κόρας.</em></strong></span> <span class='ocrx_word' id='word_1_139' title='bbox 478 2731 537 2817; x_wconf 83' lang='grc' dir='ltr'>ἠδη</span> <span class='ocrx_word' id='word_1_140' title='bbox 558 2731 645 2810; x_wconf 82' lang='grc' dir='ltr'><strong><em>δαλὸς</em></strong></span> <span class='ocrx_word' id='word_1_141' title='bbox 661 2732 903 2818; x_wconf 77' lang='grc' dir='ltr'><strong><em>ἠνθρακωμένος·</em></strong></span> <span class='ocrx_word' id='word_1_142' title='bbox 925 2733 1086 2817; x_wconf 78' lang='grc' dir='ltr'><strong><em>κρύπτεται</em></strong></span> <span class='ocrx_word' id='word_1_143' title='bbox 1097 2736 1138 2808; x_wconf 83' lang='grc' dir='ltr'><strong><em>εἰς</em></strong></span> <span class='ocrx_word' id='word_1_144' title='bbox 1154 2729 1277 2796; x_wconf 79' lang='grc' dir='ltr'><strong><em>σποδιὰν</em></strong></span> <span class='ocrx_word' id='word_1_145' title='bbox 1293 2729 1384 2813; x_wconf 86' lang='grc' dir='ltr'><strong><em>δρυός</em></strong></span> 
     </span>
     <span class='ocr_line' id='line_1_24' title="bbox 276 2814 1384 2902; baseline -0.002 -22"><span class='ocrx_word' id='word_1_146' title='bbox 276 2814 400 2882; x_wconf 81' lang='grc' dir='ltr'><strong><em>όσπετον</em></strong></span> <span class='ocrx_word' id='word_1_147' title='bbox 421 2820 512 2902; x_wconf 78' lang='grc' dir='ltr'><strong><em>ἔρνος.</em></strong></span> <span class='ocrx_word' id='word_1_148' title='bbox 553 2817 635 2878; x_wconf 85' lang='lat' dir='ltr'>Haec</span> <span class='ocrx_word' id='word_1_149' title='bbox 655 2832 770 2899; x_wconf 90' lang='lat' dir='ltr'>recepta</span> <span class='ocrx_word' id='word_1_150' title='bbox 791 2823 820 2879; x_wconf 89' lang='lat' dir='ltr'>in</span> <span class='ocrx_word' id='word_1_151' title='bbox 840 2819 1036 2879; x_wconf 83' lang='lat' dir='ltr'>Diodorfianis</span> <span class='ocrx_word' id='word_1_152' title='bbox 1058 2829 1087 2878; x_wconf 92' lang='lat' dir='ltr'>et</span> <span class='ocrx_word' id='word_1_153' title='bbox 1105 2819 1257 2877; x_wconf 84' lang='lat' dir='ltr'>Bathiana.</span> <span class='ocrx_word' id='word_1_154' title='bbox 1296 2815 1384 2878; x_wconf 83' lang='lat' dir='ltr'>Patet</span> 
     </span>
     <span class='ocr_line' id='line_1_25' title="bbox 275 2900 1497 2982; baseline -0.002 -20"><span class='ocrx_word' id='word_1_155' title='bbox 275 2902 374 2963; x_wconf 81' lang='lat' dir='ltr'>falsam</span> <span class='ocrx_word' id='word_1_156' title='bbox 397 2922 459 2962; x_wconf 91' lang='lat' dir='ltr'>esse</span> <span class='ocrx_word' id='word_1_157' title='bbox 481 2903 635 2974; x_wconf 80' lang='lat' dir='ltr'>rationem,</span> <span class='ocrx_word' id='word_1_158' title='bbox 665 2907 720 2982; x_wconf 84' lang='lat' dir='ltr'>qiua</span> <span class='ocrx_word' id='word_1_159' title='bbox 740 2901 874 2963; x_wconf 89' lang='lat' dir='ltr'>adversus</span> <span class='ocrx_word' id='word_1_160' title='bbox 895 2903 1044 2962; x_wconf 84' lang='lat' dir='ltr'>Reiskium</span> <span class='ocrx_word' id='word_1_161' title='bbox 1065 2921 1132 2961; x_wconf 87' lang='lat' dir='ltr'>usus</span> <span class='ocrx_word' id='word_1_162' title='bbox 1154 2913 1198 2961; x_wconf 88' lang='lat' dir='ltr'>est</span> <span class='ocrx_word' id='word_1_163' title='bbox 1220 2900 1379 2961; x_wconf 80' lang='lat' dir='ltr'>Matthiae:</span> <span class='ocrx_word' id='word_1_164' title='bbox 1496 2901 1497 2918; x_wconf 55' lang='lat'>,</span> 
     </span>
     <span class='ocr_line' id='line_1_26' title="bbox 275 2979 1497 3066; baseline -0.001 -20"><span class='ocrx_word' id='word_1_165' title='bbox 275 3007 331 3046; x_wconf 94' lang='lat' dir='ltr'>non</span> <span class='ocrx_word' id='word_1_166' title='bbox 358 2989 433 3047; x_wconf 87' lang='lat' dir='ltr'>cnim</span> <span class='ocrx_word' id='word_1_167' title='bbox 460 2995 586 3065; x_wconf 82' lang='lat' dir='ltr'>pugnant</span> <span class='ocrx_word' id='word_1_168' title='bbox 614 2985 690 3043; x_wconf 86' lang='lat' dir='ltr'>inter</span> <span class='ocrx_word' id='word_1_169' title='bbox 714 3003 745 3044; x_wconf 87' lang='lat' dir='ltr'>se</span> <span class='ocrx_word' id='word_1_170' title='bbox 770 2981 843 3064; x_wconf 87' lang='grc' dir='ltr'><strong><em>τάχα</em></strong></span> <span class='ocrx_word' id='word_1_171' title='bbox 862 2997 892 3046; x_wconf 88' lang='lat' dir='ltr'>et</span> <span class='ocrx_word' id='word_1_172' title='bbox 910 2981 987 3065; x_wconf 76' lang='grc' dir='ltr'><strong><em>ἤδη,</em></strong></span> <span class='ocrx_word' id='word_1_173' title='bbox 1018 2984 1092 3066; x_wconf 89' lang='lat' dir='ltr'>quod</span> <span class='ocrx_word' id='word_1_174' title='bbox 1114 2987 1232 3044; x_wconf 83' lang='lat' dir='ltr'>alterum</span> <span class='ocrx_word' id='word_1_175' title='bbox 1254 2983 1288 3044; x_wconf 88' lang='lat' dir='ltr'>ad</span> <span class='ocrx_word' id='word_1_176' title='bbox 1310 2979 1381 3062; x_wconf 84' lang='grc' dir='ltr'><strong><em>ὀλεῖ,</em></strong></span> <span class='ocrx_word' id='word_1_177' title='bbox 1496 3001 1497 3006; x_wconf 72' lang='grc'>’</span> 
     </span>
     <span class='ocr_line' id='line_1_27' title="bbox 273 3063 1380 3148; baseline -0.003 -19"><span class='ocrx_word' id='word_1_178' title='bbox 273 3071 393 3129; x_wconf 88' lang='lat' dir='ltr'>aiterum</span> <span class='ocrx_word' id='word_1_179' title='bbox 415 3066 451 3127; x_wconf 87' lang='lat' dir='ltr'>ad</span> <span class='ocrx_word' id='word_1_180' title='bbox 470 3063 699 3148; x_wconf 75' lang='grc' dir='ltr'><strong><em>ἠνθρακωμένος</em></strong></span> <span class='ocrx_word' id='word_1_181' title='bbox 718 3070 852 3129; x_wconf 82' lang='lat' dir='ltr'>refertur.</span> <span class='ocrx_word' id='word_1_182' title='bbox 894 3069 977 3128; x_wconf 87' lang='lat' dir='ltr'>Dura</span> <span class='ocrx_word' id='word_1_183' title='bbox 999 3089 1066 3129; x_wconf 89' lang='lat' dir='ltr'>vero</span> <span class='ocrx_word' id='word_1_184' title='bbox 1087 3079 1116 3128; x_wconf 91' lang='lat' dir='ltr'>ct</span> <span class='ocrx_word' id='word_1_185' title='bbox 1133 3069 1301 3127; x_wconf 83' lang='lat' dir='ltr'>inconcinna</span> <span class='ocrx_word' id='word_1_186' title='bbox 1322 3079 1380 3141; x_wconf 89' lang='lat' dir='ltr'>est,</span> 
     </span>
     <span class='ocr_line' id='line_1_28' title="bbox 274 3147 1381 3234; baseline 0.001 -23"><span class='ocrx_word' id='word_1_187' title='bbox 274 3172 356 3234; x_wconf 85' lang='lat' dir='ltr'>qnam</span> <span class='ocrx_word' id='word_1_188' title='bbox 373 3151 413 3210; x_wconf 84' lang='lat' dir='ltr'>ab</span> <span class='ocrx_word' id='word_1_189' title='bbox 435 3170 470 3211; x_wconf 90' lang='lat' dir='ltr'>eo</span> <span class='ocrx_word' id='word_1_190' title='bbox 490 3150 539 3210; x_wconf 88' lang='lat' dir='ltr'>aiii</span> <span class='ocrx_word' id='word_1_191' title='bbox 562 3148 733 3231; x_wconf 81' lang='lat' dir='ltr'>acceperunt</span> <span class='ocrx_word' id='word_1_192' title='bbox 754 3153 962 3233; x_wconf 77' lang='lat' dir='ltr'>interpunctio,</span> <span class='ocrx_word' id='word_1_193' title='bbox 984 3173 1040 3212; x_wconf 92' lang='lat' dir='ltr'>non</span> <span class='ocrx_word' id='word_1_194' title='bbox 1062 3153 1151 3211; x_wconf 87' lang='lat' dir='ltr'>solum</span> <span class='ocrx_word' id='word_1_195' title='bbox 1173 3149 1248 3231; x_wconf 91' lang='lat' dir='ltr'>quod</span> <span class='ocrx_word' id='word_1_196' title='bbox 1267 3147 1381 3234; x_wconf 82' lang='grc' dir='ltr'><strong><em>ἠνθρα-</em></strong></span> 
     </span>
     <span class='ocr_line' id='line_1_29' title="bbox 272 3229 1380 3317; baseline -0.007 -17"><span class='ocrx_word' id='word_1_197' title='bbox 272 3233 400 3315; x_wconf 79' lang='grc' dir='ltr'><strong><em>κωμένος</em></strong></span> <span class='ocrx_word' id='word_1_198' title='bbox 428 3255 480 3314; x_wconf 88' lang='lat' dir='ltr'>pro</span> <span class='ocrx_word' id='word_1_199' title='bbox 507 3229 697 3316; x_wconf 80' lang='grc' dir='ltr'><strong><em>ἠνθράκωται</em></strong></span> <span class='ocrx_word' id='word_1_200' title='bbox 724 3234 828 3296; x_wconf 88' lang='lat' dir='ltr'>dictum</span> <span class='ocrx_word' id='word_1_201' title='bbox 850 3238 943 3317; x_wconf 90' lang='lat' dir='ltr'>putari</span> <span class='ocrx_word' id='word_1_202' title='bbox 962 3234 1097 3308; x_wconf 77' lang='lat' dir='ltr'>deberet,</span> <span class='ocrx_word' id='word_1_203' title='bbox 1126 3233 1281 3294; x_wconf 83' lang='lat' dir='ltr'>sedetiam</span> <span class='ocrx_word' id='word_1_204' title='bbox 1304 3234 1380 3316; x_wconf 75' lang='lat' dir='ltr'>quod</span> 
     </span>
     <span class='ocr_line' id='line_1_30' title="bbox 273 3318 1496 3401; baseline -0.004 -24"><span class='ocrx_word' id='word_1_205' title='bbox 273 3337 344 3399; x_wconf 88' lang='lat' dir='ltr'>quae</span> <span class='ocrx_word' id='word_1_206' title='bbox 377 3328 533 3397; x_wconf 87' lang='lat' dir='ltr'>sequnntur</span> <span class='ocrx_word' id='word_1_207' title='bbox 560 3340 616 3378; x_wconf 94' lang='lat' dir='ltr'>non</span> <span class='ocrx_word' id='word_1_208' title='bbox 645 3339 718 3380; x_wconf 86' lang='lat' dir='ltr'>nexa</span> <span class='ocrx_word' id='word_1_209' title='bbox 746 3331 842 3379; x_wconf 89' lang='lat' dir='ltr'>essent</span> <span class='ocrx_word' id='word_1_210' title='bbox 862 3340 925 3379; x_wconf 90' lang='lat' dir='ltr'>cnm</span> <span class='ocrx_word' id='word_1_211' title='bbox 947 3318 1190 3401; x_wconf 84' lang='lat' dir='ltr'>praecedentibus.</span> <span class='ocrx_word' id='word_1_212' title='bbox 1234 3318 1314 3378; x_wconf 86' lang='lat' dir='ltr'>Vcra</span> <span class='ocrx_word' id='word_1_213' title='bbox 1335 3329 1381 3378; x_wconf 88' lang='lat' dir='ltr'>est</span> <span class='ocrx_word' id='word_1_214' title='bbox 1495 3323 1496 3372; x_wconf 69' lang='lat' dir='ltr'>t</span> 
     </span>
     <span class='ocr_line' id='line_1_31' title="bbox 256 3393 1379 3482; baseline -0.001 -21"><span class='ocrx_word' id='word_1_215' title='bbox 256 3412 352 3466; x_wconf 79' lang='lat' dir='ltr'>‚vetus</span> <span class='ocrx_word' id='word_1_216' title='bbox 374 3400 575 3479; x_wconf 85' lang='lat' dir='ltr'>interpunctio,</span> <span class='ocrx_word' id='word_1_217' title='bbox 599 3422 670 3481; x_wconf 86' lang='lat' dir='ltr'>quae</span> <span class='ocrx_word' id='word_1_218' title='bbox 690 3415 806 3482; x_wconf 89' lang='lat' dir='ltr'>propter</span> <span class='ocrx_word' id='word_1_219' title='bbox 822 3399 881 3482; x_wconf 77' lang='grc' dir='ltr'>ἤδη</span> <span class='ocrx_word' id='word_1_220' title='bbox 896 3424 952 3462; x_wconf 93' lang='lat' dir='ltr'>non</span> <span class='ocrx_word' id='word_1_221' title='bbox 974 3401 1083 3481; x_wconf 81' lang='lat' dir='ltr'>indiget</span> <span class='ocrx_word' id='word_1_222' title='bbox 1102 3393 1214 3480; x_wconf 81' lang='lat' dir='ltr'>copula,</span> <span class='ocrx_word' id='word_1_223' title='bbox 1239 3400 1379 3479; x_wconf 86' lang='lat' dir='ltr'>babetquc</span> 
     </span>
     <span class='ocr_line' id='line_1_32' title="bbox 272 3480 1377 3568; baseline 0.003 -25"><span class='ocrx_word' id='word_1_224' title='bbox 272 3485 443 3565; x_wconf 86' lang='lat' dir='ltr'>aptissimam</span> <span class='ocrx_word' id='word_1_225' title='bbox 465 3485 573 3544; x_wconf 92' lang='lat' dir='ltr'>titionis</span> <span class='ocrx_word' id='word_1_226' title='bbox 595 3486 840 3565; x_wconf 87' lang='lat' dir='ltr'>amplificationem</span> <span class='ocrx_word' id='word_1_227' title='bbox 862 3487 890 3545; x_wconf 88' lang='lat' dir='ltr'>in</span> <span class='ocrx_word' id='word_1_228' title='bbox 907 3484 1025 3545; x_wconf 89' lang='lat' dir='ltr'>adiectis</span> <span class='ocrx_word' id='word_1_229' title='bbox 1042 3480 1132 3568; x_wconf 84' lang='grc' dir='ltr'><strong><em>δρυός</em></strong></span> <span class='ocrx_word' id='word_1_230' title='bbox 1147 3480 1272 3547; x_wconf 85' lang='grc' dir='ltr'><strong><em>όισπετον</em></strong></span> <span class='ocrx_word' id='word_1_231' title='bbox 1287 3483 1377 3565; x_wconf 74' lang='grc' dir='ltr'><strong><em>ἔρνος.</em></strong></span> 
     </span>
     <span class='ocr_line' id='line_1_33' title="bbox 234 3582 994 3667; baseline -0.008 -19"><span class='ocrx_word' id='word_1_232' title='bbox 234 3663 237 3667; x_wconf 27' lang='lat'>¹</span> <span class='ocrx_word' id='word_1_233' title='bbox 353 3583 427 3648; x_wconf 79' lang='grc'>619.</span> <span class='ocrx_word' id='word_1_234' title='bbox 472 3582 505 3643; x_wconf 93' lang='lat' dir='ltr'>In</span> <span class='ocrx_word' id='word_1_235' title='bbox 528 3583 607 3644; x_wconf 87' lang='lat' dir='ltr'>libris</span> <span class='ocrx_word' id='word_1_236' title='bbox 629 3585 701 3645; x_wconf 89' lang='lat' dir='ltr'>bace</span> <span class='ocrx_word' id='word_1_237' title='bbox 721 3587 763 3644; x_wconf 90' lang='lat' dir='ltr'>sic</span> <span class='ocrx_word' id='word_1_238' title='bbox 784 3587 890 3666; x_wconf 86' lang='lat' dir='ltr'>scripta</span> <span class='ocrx_word' id='word_1_239' title='bbox 910 3594 994 3644; x_wconf 79' lang='lat' dir='ltr'>sunta</span> 
     </span>
    </p>

    <p class='ocr_par' dir='ltr' id='par_1_10' title="bbox 603 3679 899 3768">
     <span class='ocr_line' id='line_1_34' title="bbox 603 3679 899 3768; baseline 0.007 -24"><span class='ocrx_word' id='word_1_240' title='bbox 603 3679 669 3745; x_wconf 80' lang='grc' dir='ltr'><strong><em>ἄλλ’</em></strong></span> <span class='ocrx_word' id='word_1_241' title='bbox 693 3683 744 3746; x_wconf 78' lang='grc' dir='ltr'><strong><em>λτω</em></strong></span> <span class='ocrx_word' id='word_1_242' title='bbox 766 3680 899 3768; x_wconf 84' lang='grc' dir='ltr'><strong><em>Μάρων·</em></strong></span> 
     </span>
    </p>

    <p class='ocr_par' dir='ltr' id='par_1_11' title="bbox 603 3764 961 3849">
     <span class='ocr_line' id='line_1_35' title="bbox 603 3764 961 3849; baseline 0.006 -21"><span class='ocrx_word' id='word_1_243' title='bbox 603 3765 752 3849; x_wconf 75' lang='grc' dir='ltr'><strong><em>πρασσέτω</em></strong></span> <span class='ocrx_word' id='word_1_244' title='bbox 772 3764 961 3849; x_wconf 84' lang='grc' dir='ltr'><strong><em>μαινόμενος·</em></strong></span> 
     </span>
    </p>

    <p class='ocr_par' dir='ltr' id='par_1_12' title="bbox 603 3849 881 3934">
     <span class='ocr_line' id='line_1_36' title="bbox 603 3849 881 3934; baseline 0.007 -23"><span class='ocrx_word' id='word_1_245' title='bbox 603 3849 716 3925; x_wconf 79' lang='grc' dir='ltr'><strong><em>ἐξελέτω</em></strong></span> <span class='ocrx_word' id='word_1_246' title='bbox 733 3849 881 3934; x_wconf 74' lang='grc' dir='ltr'><strong><em>βλέφαρον</em></strong></span> 
     </span>
    </p>

    <p class='ocr_par' dir='ltr' id='par_1_13' title="bbox 603 3928 1044 4023">
     <span class='ocr_line' id='line_1_37' title="bbox 603 3928 1044 4023; baseline 0.014 -29"><span class='ocrx_word' id='word_1_247' title='bbox 603 3928 765 4009; x_wconf 83' lang='grc' dir='ltr'><strong><em>Κύκλωπος</em></strong></span> <span class='ocrx_word' id='word_1_248' title='bbox 772 3982 781 4012; x_wconf 88' lang='grc'><strong>,</strong></span> <span class='ocrx_word' id='word_1_249' title='bbox 806 3931 846 4010; x_wconf 70' lang='lat' dir='ltr'>sig</span> <span class='ocrx_word' id='word_1_250' title='bbox 866 3935 919 4023; x_wconf 75' lang='lat' dir='ltr'>scip</span> <span class='ocrx_word' id='word_1_251' title='bbox 938 3941 1044 4011; x_wconf 76' lang='grc' dir='ltr'><strong><em>κακῶς.</em></strong></span> 
     </span>
    </p>
   </div>
   <div class='ocr_carea' id='block_1_6' title="bbox 271 4041 1378 4626">
    <p class='ocr_par' dir='ltr' id='par_1_14' title="bbox 271 4041 1378 4626">
     <span class='ocr_line' id='line_1_38' title="bbox 271 4041 1376 4124; baseline -0.001 -22"><span class='ocrx_word' id='word_1_252' title='bbox 271 4043 382 4103; x_wconf 83' lang='lat' dir='ltr'>Horum</span> <span class='ocrx_word' id='word_1_253' title='bbox 403 4062 534 4102; x_wconf 87' lang='lat' dir='ltr'>versuum</span> <span class='ocrx_word' id='word_1_254' title='bbox 555 4041 696 4102; x_wconf 86' lang='lat' dir='ltr'>secundus</span> <span class='ocrx_word' id='word_1_255' title='bbox 717 4064 770 4105; x_wconf 88' lang='lat' dir='ltr'>noc</span> <span class='ocrx_word' id='word_1_256' title='bbox 792 4064 923 4104; x_wconf 90' lang='lat' dir='ltr'>numeros</span> <span class='ocrx_word' id='word_1_257' title='bbox 945 4047 1033 4106; x_wconf 88' lang='lat' dir='ltr'>iustos</span> <span class='ocrx_word' id='word_1_258' title='bbox 1053 4046 1151 4118; x_wconf 79' lang='lat' dir='ltr'>babet,</span> <span class='ocrx_word' id='word_1_259' title='bbox 1173 4065 1263 4124; x_wconf 86' lang='lat' dir='ltr'>neque</span> <span class='ocrx_word' id='word_1_260' title='bbox 1283 4055 1376 4124; x_wconf 88' lang='lat' dir='ltr'>aptam</span> 
     </span>
     <span class='ocr_line' id='line_1_39' title="bbox 271 4126 1377 4214; baseline -0.002 -26"><span class='ocrx_word' id='word_1_261' title='bbox 271 4127 401 4214; x_wconf 43' lang='lat' dir='ltr'>praebet.</span> <span class='ocrx_word' id='word_1_262' title='bbox 415 4128 593 4186; x_wconf 84' lang='lat' dir='ltr'>sententiam.</span> <span class='ocrx_word' id='word_1_263' title='bbox 647 4127 704 4201; x_wconf 84' lang='lat' dir='ltr'>Qui</span> <span class='ocrx_word' id='word_1_264' title='bbox 732 4126 839 4208; x_wconf 81' lang='lat' dir='ltr'>aliquid</span> <span class='ocrx_word' id='word_1_265' title='bbox 866 4130 964 4189; x_wconf 90' lang='lat' dir='ltr'>borum</span> <span class='ocrx_word' id='word_1_266' title='bbox 987 4140 1153 4200; x_wconf 91' lang='lat' dir='ltr'>senserunt,</span> <span class='ocrx_word' id='word_1_267' title='bbox 1185 4149 1239 4188; x_wconf 92' lang='lat' dir='ltr'>non</span> <span class='ocrx_word' id='word_1_268' title='bbox 1263 4129 1377 4186; x_wconf 85' lang='lat' dir='ltr'>invene-</span> 
     </span>
     <span class='ocr_line' id='line_1_40' title="bbox 272 4208 1378 4292; baseline 0 -22"><span class='ocrx_word' id='word_1_269' title='bbox 272 4221 340 4270; x_wconf 89' lang='lat' dir='ltr'>runt</span> <span class='ocrx_word' id='word_1_270' title='bbox 357 4208 597 4270; x_wconf 89' lang='lat' dir='ltr'>accommodatum</span> <span class='ocrx_word' id='word_1_271' title='bbox 617 4208 788 4285; x_wconf 88' lang='lat' dir='ltr'>remedium,</span> <span class='ocrx_word' id='word_1_272' title='bbox 812 4211 978 4286; x_wconf 88' lang='lat' dir='ltr'>Brodaeus,</span> <span class='ocrx_word' id='word_1_273' title='bbox 1002 4212 1088 4271; x_wconf 90' lang='lat' dir='ltr'>scribi</span> <span class='ocrx_word' id='word_1_274' title='bbox 1110 4211 1209 4272; x_wconf 89' lang='lat' dir='ltr'>iubens</span> <span class='ocrx_word' id='word_1_275' title='bbox 1229 4209 1378 4292; x_wconf 73' lang='lat' dir='ltr'>capuccium</span> 
     </span>
     <span class='ocr_line' id='line_1_41' title="bbox 271 4287 1378 4393; baseline 0.002 -40"><span class='ocrx_word' id='word_1_276' title='bbox 271 4287 461 4393; x_wconf 84' lang='grc' dir='ltr'><strong><em>μαινόρτνον,</em></strong></span> <span class='ocrx_word' id='word_1_277' title='bbox 496 4290 571 4373; x_wconf 89' lang='lat' dir='ltr'>quod</span> <span class='ocrx_word' id='word_1_278' title='bbox 599 4294 638 4353; x_wconf 90' lang='lat' dir='ltr'>sit</span> <span class='ocrx_word' id='word_1_279' title='bbox 665 4296 769 4355; x_wconf 81' lang='lat' dir='ltr'>reddat</span> <span class='ocrx_word' id='word_1_280' title='bbox 786 4296 957 4376; x_wconf 66' lang='lat' dir='ltr'>furentem</span> <span class='ocrx_word' id='word_1_281' title='bbox 989 4293 1190 4376; x_wconf 82' lang='lat' dir='ltr'>Mnsgravins,</span> <span class='ocrx_word' id='word_1_282' title='bbox 1229 4291 1378 4376; x_wconf 75' lang='grc' dir='ltr'><strong><em>πρασσέτω</em></strong></span> 
     </span>
     <span class='ocr_line' id='line_1_42' title="bbox 271 4376 1378 4458; baseline -0.001 -22"><span class='ocrx_word' id='word_1_283' title='bbox 271 4399 456 4456; x_wconf 84' lang='grc' dir='ltr'><strong><em>μιαινομενος</em></strong></span> <span class='ocrx_word' id='word_1_284' title='bbox 477 4376 642 4450; x_wconf 88' lang='lat' dir='ltr'>coniiciens,</span> <span class='ocrx_word' id='word_1_285' title='bbox 666 4376 741 4457; x_wconf 85' lang='lat' dir='ltr'>qnod</span> <span class='ocrx_word' id='word_1_286' title='bbox 760 4380 959 4458; x_wconf 87' lang='lat' dir='ltr'>interpretatus</span> <span class='ocrx_word' id='word_1_287' title='bbox 980 4389 1025 4438; x_wconf 90' lang='lat' dir='ltr'>est</span> <span class='ocrx_word' id='word_1_288' title='bbox 1039 4381 1170 4439; x_wconf 81' lang='lat' dir='ltr'>ultionem</span> <span class='ocrx_word' id='word_1_289' title='bbox 1189 4389 1301 4458; x_wconf 83' lang='lat' dir='ltr'>repetat</span> <span class='ocrx_word' id='word_1_290' title='bbox 1319 4379 1378 4436; x_wconf 89' lang='grc' dir='ltr'>ωό-</span> 
     </span>
     <span class='ocr_line' id='line_1_43' title="bbox 273 4458 1378 4544; baseline 0.003 -24"><span class='ocrx_word' id='word_1_291' title='bbox 273 4462 360 4520; x_wconf 84' lang='lat' dir='ltr'>lotus.</span> <span class='ocrx_word' id='word_1_292' title='bbox 405 4458 591 4519; x_wconf 80' lang='lat' dir='ltr'>scribendum</span> <span class='ocrx_word' id='word_1_293' title='bbox 616 4472 679 4520; x_wconf 86' lang='lat' dir='ltr'>erat</span> <span class='ocrx_word' id='word_1_294' title='bbox 704 4460 883 4522; x_wconf 79' lang='lat' dir='ltr'>distinctione</span> <span class='ocrx_word' id='word_1_295' title='bbox 904 4473 969 4543; x_wconf 91' lang='lat' dir='ltr'>post</span> <span class='ocrx_word' id='word_1_296' title='bbox 987 4460 1136 4544; x_wconf 83' lang='grc' dir='ltr'><strong><em>πρασσέτω</em></strong></span> <span class='ocrx_word' id='word_1_297' title='bbox 1156 4461 1247 4536; x_wconf 83' lang='lat' dir='ltr'>facta,</span> <span class='ocrx_word' id='word_1_298' title='bbox 1278 4464 1378 4542; x_wconf 87' lang='grc' dir='ltr'><strong><em>μάινο-</em></strong></span> 
     </span>
     <span class='ocr_line' id='line_1_44' title="bbox 272 4537 851 4626; baseline 0.003 -22"><span class='ocrx_word' id='word_1_299' title='bbox 272 4539 362 4622; x_wconf 79' lang='grc' dir='ltr'><strong><em>μένου</em></strong></span> <span class='ocrx_word' id='word_1_300' title='bbox 385 4537 497 4617; x_wconf 81' lang='grc' dir='ltr'><strong><em>’ξελέτω</em></strong></span> <span class='ocrx_word' id='word_1_301' title='bbox 516 4542 662 4626; x_wconf 83' lang='grc' dir='ltr'><strong><em>βλέφαρον</em></strong></span> <span class='ocrx_word' id='word_1_302' title='bbox 682 4539 851 4618; x_wconf 84' lang='grc' dir='ltr'><strong><em>Κύκλωπος.</em></strong></span> 
     </span>
    </p>
   </div>
   <div class='ocr_carea' id='block_1_7' title="bbox 0 0 1518 5134">
    <p class='ocr_par' dir='ltr' id='par_1_15' title="bbox 0 0 1518 5134">
     <span class='ocr_line' id='line_1_45' title="bbox 0 0 1518 5134; baseline 0 3"><span class='ocrx_word' id='word_1_303' title='bbox 0 0 1518 5134; x_wconf 95' lang='lat' dir='ltr'> </span> 
     </span>
    </p>
   </div>
  </div>
 </body>
</html>
