3026 5134
667 291 706 337 rx
832 293 835 300 ’

122 469 233 566 ipsum
266 487 321 538 ers
354 465 483 563 tragica
513 465 621 564 primo
655 467 695 538 ab
729 467 866 542 rudibus
891 467 996 542 initiis
1023 467 1063 540 ad
1091 469 1247 544 maiorem

124 594 317 691 dignitatem
344 600 458 666 erecta
485 601 537 666 est
562 594 722 692 novisque
747 567 891 668 inventis
917 593 1130 693 amplificata.
1181 595 1249 670 At-

125 744 188 817 que
215 718 302 790 haud
340 720 411 792 scio
446 743 488 792 an
524 719 608 818 ipsis
641 721 676 794 in
711 719 851 819 Septem
875 721 917 792 ad
943 721 1081 794 Thehas
1105 723 1247 821 primum

126 870 227 918 ansus
254 846 298 918 sit
324 845 450 920 dnohus
477 848 594 944 quihus
620 856 689 920 tum
723 839 898 921 utebantur
923 847 1090 920 actoribus
1133 849 1248 922 adiun-

124 995 206 1070 gere
231 972 384 1045 tertium:
418 972 505 1070 quod
539 999 638 1071 quum
663 974 722 1046 alii
748 981 901 1047 auctores
927 982 1024 1071 atque
1060 975 1132 1072 ipse
1167 973 1246 1046 Ari·

127 1100 267 1172 stoteles
300 1099 340 1180 ab
366 1097 538 1197 Sophocle
563 1102 747 1174 institutum
775 1101 999 1193 tradiderunt,
1026 1126 1092 1175 nou
1118 1101 1248 1175 videtur

125 1227 243 1298 horum
275 1226 464 1302 testimonio
497 1251 697 1326 repugnare,
724 1229 766 1321 si,
794 1227 881 1325 quud
906 1227 1097 1324 Aeschylus
1122 1227 1158 1300 in
1184 1251 1247 1300 ex-

126 1352 239 1424 tremis
266 1342 404 1450 septem
430 1355 470 1426 ad
497 1354 635 1428 Thebas
668 1355 865 1427 necessitato
888 1362 1023 1427 coactus
1043 1349 1181 1445 feceret,
1199 1355 1247 1426 ita

125 1479 274 1576 suscepit
299 1477 507 1578 Sophocles,
534 1488 571 1552 ut
591 1505 631 1552 eu
665 1502 728 1577 pro
764 1480 913 1576 legitimo
947 1488 1108 1552 uteretur.
1159 1480 1246 1557 Nam

126 1623 210 1701 quae
237 1603 284 1678 G.
312 1604 353 1679 0.
381 1605 477 1690 Guil.
503 1604 731 1680 Schneiderus
764 1599 1107 1706 παραχορηγήματα
1132 1615 1246 1678 narrat
1301 1627 1305 1631 “

124 1733 160 1803 iu
186 1732 272 1806 libro
302 1757 398 1829 quem
431 1733 472 1805 de
505 1734 603 1806 rehus
636 1732 743 1806 Attici
770 1732 892 1804 theatri
917 1731 1065 1829 scripsit,¹
1092 1757 1128 1829 p.
1158 1737 1245 1806 141.

126 1880 199 1954 seq.
224 1858 309 1930 ialsa
335 1879 408 1932 esse
435 1883 531 1955 quarn
557 1884 619 1957 per
643 1885 680 1934 se
713 1866 818 1958 pretet,
844 1865 913 1930 turn
938 1859 1111 1956 apparebit
1134 1859 1247 1932 consi-

129 1985 257 2057 deranti
292 2011 375 2083 quae
412 1986 484 2058 dixi
509 1987 544 2058 in
570 1985 699 2084 Opusc.
721 1962 794 2059 vol.
820 1983 908 2058 VII.
935 2012 969 2083 p.
997 1988 1085 2062 346.
1137 1985 1270 2102 Doni-p

130 2135 192 2208 que
217 2135 283 2184 non
308 2113 396 2208 legit
412 2099 485 2207 me,
513 2135 611 2210 quum
637 2113 819 2210 Euripides
843 2111 1048 2184 Phoenissas
1071 2113 1245 2206 scriberet,
1296 2127 1299 2134 '

127 2240 257 2311 theatra
282 2239 347 2312 rau
373 2239 599 2312 asarenam
630 2239 846 2334 arsurosque
872 2262 892 2308 a
917 2239 1058 2335 pastas
1084 2241 1272 2338 simpron,

127 2371 195 2436 tate
221 2367 411 2440 tractationi
436 2391 546 2440 rerum
572 2365 709 2438 adsueta
733 2366 850 2438 luisse.
883 2366 1039 2439 Athaco
1065 2368 1173 2440 omnia
1198 2341 1272 2440 ita¹

129 2500 317 2588 comparata
343 2501 431 2586 suut,
454 2501 495 2566 ut
521 2492 702 2590 Euripides
729 2515 769 2565 eo
794 2491 941 2584 facilius,
968 2492 1055 2588 quod
1072 2495 1246 2590 praeclara
1332 2507 1339 2520 '

126 2617 302 2691 exstabant
327 2619 409 2692 hene
442 2621 697 2719 compositarum
723 2611 966 2716 tragoediarum
994 2621 1168 2716 exempla,
1195 2621 1247 2691 in-

124 2743 279 2842 telligere
320 2745 470 2819 debuerit
514 2747 593 2844 quid
634 2753 760 2820 rectum
802 2745 920 2842 quidve
955 2746 1108 2817 uitiosum
1142 2755 1245 2838 esset,

125 2871 325 2968 graviusque
364 2873 596 2970 vituperandus
635 2874 699 2967 sit,
741 2873 828 2970 quod
870 2897 953 2968 quae
986 2873 1118 2972 vitanda
1151 2879 1247 2946 erant

34 3000 37 3008 '
125 3021 194 3068 non
218 2999 348 3070 vitavit.
380 2997 508 3072 Eorum
534 3000 696 3097 quaedam
717 3002 783 3072 iam
810 3000 850 3070 ab
877 2997 1021 3095 antiquis
1056 3000 1245 3096 grammati·
1280 3089 1282 3101 Ι

128 3124 317 3198 denotata
349 3149 424 3198 esse
457 3134 643 3198 monstrant
676 3126 756 3216 illa,
793 3147 876 3219 qnae
909 3133 987 3221 post
1020 3135 1246 3222 argumentum

126 3249 257 3324 iahnlae
284 3253 390 3325 altera
414 3253 524 3349 posui.
575 3249 704 3324 Eadem
729 3249 799 3322 lere
827 3258 924 3346 atque
951 3251 1050 3323 ctiam
1067 3253 1132 3324 alia
1158 3277 1246 3324 non·

126 3379 219 3449 nulla
244 3379 442 3475 vituperavit
466 3380 501 3450 iu
528 3379 664 3476 egregia
690 3377 731 3450 de
757 3376 932 3474 Euripidis
955 3376 1150 3452 Phoenissis
1176 3377 1247 3452 dis-

128 3505 309 3577 sertatioue
343 3503 439 3578 Sam.
470 3503 604 3578 Frider.
640 3503 826 3578 Nathanael
861 3505 1001 3599 Morus,
1036 3506 1125 3579 edita
1157 3503 1247 3604 Lip-

128 3630 198 3702 siae
233 3655 265 3702 a.
291 3629 575 3705 MDGCLXXJ.
607 3631 754 3706 'Horum
779 3632 867 3705 infra
890 3632 1089 3706 mentionem
1114 3633 1246 3704 faciam.

228 3755 271 3828 In
297 3759 385 3833 omni
411 3760 582 3856 tragoedia
608 3760 806 3842 etmateria
831 3783 914 3855 opus
940 3767 1004 3849 cst,
1021 3783 1104 3853 quae
1121 3758 1246 3830 animus

127 3887 350 3982 spectatorum
374 3893 464 3957 metu
489 3893 523 3958 et
546 3886 759 3958 miseratione
784 3885 923 3980 implere
948 3885 1075 3980 possit,
1111 3891 1145 3954 ct
1175 3890 1249 3954 tra·

128 4005 274 4078 ctatione
301 4008 372 4086 eius
398 4011 565 4084 materiae
579 4012 653 4102 tali,
690 4017 728 4081 ut
751 4008 864 4080 fabula
890 4010 935 4081 sit
960 4032 1036 4100 una,
1050 4031 1167 4104 *eaque
1192 4009 1247 4080 in,

128 4142 244 4230 tegra,
279 4153 385 4230 noque
419 4144 476 4208 aut
509 4135 595 4208 desit
628 4135 753 4232 aliquid
779 4140 836 4206 aut
861 4133 1042 4227 redundet,
1068 4143 1246 4232 partesque

128 4267 221 4334 recte
246 4259 334 4332 inter
358 4285 395 4332 se
427 4261 637 4354 cohaereant,
665 4283 748 4358 quae
774 4266 882 4332 autem
907 4285 1069 4359 personas
1094 4261 1247 4334 introdu-

129 4395 268 4481 cuntur,
301 4387 344 4460 iis
378 4387 523 4460 nroribus
556 4388 642 4482 sint,
677 4388 732 4485 qui
766 4409 863 4484 qaum
897 4389 1028 4462 omniuo
1055 4390 1247 4488 tragoediae
