2994 5128
794 282 844 354 22

664 483 754 556 HA
763 485 837 554 ΕΚ
846 485 972 554 ΤΡΛ.
1016 533 1020 540 ·

361 632 506 731 ἀποπρὸ
530 633 619 731 βᾶτ’
650 633 775 720 ixeio',
803 628 949 729 ἀποπρό
974 660 1038 728 μοι
1064 628 1200 713 κοίτας.

334 895 336 902 χ
705 807 751 876 Χ
760 803 931 878 ΟΡΟΣ.

361 949 466 1042 idad,
490 951 695 1051 πείθογιιοιι.Δ

673 1097 975 1199 annam.

362 1269 388 1346 ἆ
414 1266 439 1345 ἆ
465 1269 640 1376 σύριγγος
665 1271 764 1357 ὅπως
778 1269 887 1350 ’πνοὰ

363 1381 496 1451 λεπτοῦ
522 1371 681 1462 δόνακος
688 1430 702 1466 ,
730 1370 761 1450 ὦ
787 1373 898 1475 φίλα,
924 1373 991 1450 dile
1016 1399 1092 1482 μοι.

715 1565 761 1634 Χ
766 1561 936 1637 ΟΡΟΣ.

362 1707 440 1911 ἲέζΙ
458 1711 661 1811 ἀτρεμαῖον
687 1711 737 1796 ὡς
761 1706 958 1813 ὑπόροφον
983 1709 1106 1809 φίριοΔ
1156 1699 1158 1706 “

392 1841 473 1888 οαν.

269 2041 554 2054 w

263 2175 359 2228 tionem
381 2169 514 2246 producta,
536 2173 597 2248 quia
618 2170 686 2230 nlius
704 2187 834 2272 γειοοιιοο
852 2170 932 2227 rerba
953 2173 1105 2244 aequantem,
1125 2173 1211 2226 tamen
1232 2167 1314 2226 multo
1337 2185 1393 2225 cre·

264 2254 371 2314 dibilius
392 2262 433 2312 est
452 2251 517 2331 μηδ
523 2247 533 2274 ²
556 2248 634 2315 ἴστω
655 2273 769 2326 maog
790 2273 807 2313 a
828 2257 943 2314 metricis
965 2273 998 2310 ex
1024 2273 1050 2312 v.
1075 2249 1146 2313 136.
1167 2251 1312 2330 integrandi
1333 2271 1393 2310 rer·

264 2357 312 2402 aus
334 2357 428 2397 caussa
449 2357 509 2396 esse
531 2339 656 2402 additum.
705 2339 792 2404 Quare
817 2343 916 2416 recepi,
948 2335 1017 2414 quod
1044 2342 1072 2395 in
1093 2337 1178 2395 Elem.
1206 2337 1290 2396 docta·
1315 2343 1394 2395 metr.

264 2443 292 2499 p.
314 2421 386 2482 246.
407 2427 539 2500 proposui,
561 2444 614 2484 non
634 2423 703 2500 quod
724 2433 838 2495 eertum,
859 2425 906 2483 sed
928 2431 1015 2481 tamen
1033 2423 1194 2498 probabilius
1216 2440 1292 2498 quam
1302 2419 1393 2478 lilius·

263 2510 309 2567 leii
331 2511 503 2567 coniecturam
524 2518 651 2586 putarem.
725 2547 727 2557 ι
1112 2561 1115 2567 s

200 2671 205 2680 ⁸
353 2606 424 2667 14l.
447 2609 537 2669 Codex
557 2610 593 2668 Κ.
615 2611 660 2687 qui
680 2609 787 2688 llingio,
812 2607 883 2688 quod
905 2613 987 2666 metra
1008 2626 1024 2664 a
1044 2607 1174 2664 Triclinio
1199 2610 1227 2664 in
1248 2603 1393 2683 congruen-

266 2697 330 2751 tiam
351 2693 456 2752 redacta
477 2694 562 2765 habet,
583 2701 696 2771 optimus
717 2699 792 2752 risus
813 2701 862 2764 est,
883 2689 1005 2769 λέχους,
1027 2694 1114 2749 nescio
1137 2709 1171 2749 an
1192 2703 1276 2761 recte,
1303 2693 1394 2766 quum,

266 2778 334 2854 quod
355 2782 382 2835 in
405 2783 499 2836 ceteris
519 2781 593 2836 libris
613 2782 733 2838 omnibus
754 2785 796 2836 est
815 2774 929 2858 notrae,
957 2776 1038 2834 videri
1059 2781 1144 2853 possit
1158 2779 1306 2852 interpretis
1322 2793 1393 2833 esse.

180 2920 183 2934 ,
267 2863 345 2920 Certe
366 2867 394 2921 in
415 2869 486 2920 tanto
508 2867 666 2941 tragicorum
688 2862 775 2919 studio
804 2871 887 2919 metra
908 2859 1068 2938 exaequandi
1092 2865 1232 2937 permirum
1259 2861 1339 2929 ioret,
1368 2861 1394 2916 si

266 2951 456 3022 opportunitate
484 2967 563 3024 quam
587 2948 678 3024 lingua
699 2947 802 3004 Graeca
831 2949 968 3025 plurimam
990 2948 1123 3021 praeberet
1149 2949 1191 3003 usi
1220 2965 1273 3003 non
1294 2954 1394 3004 essent.

267 3028 430 3107 Quamquam
451 3031 495 3089 bic
515 3029 617 3108 quidem
641 3029 776 3096 doclrmius
797 3051 842 3109 per
864 3050 893 3122 se
913 3033 997 3089 bonus
1018 3039 1067 3092 est.
1093 3103 1095 3107 ,

353 3129 425 3190 142.
447 3131 535 3191 Hero.
556 3132 708 3209 πείσομαι.

354 3230 426 3292 143.
448 3231 537 3292 Libri:
566 3222 586 3293 ἆ
609 3221 629 3293 ἆ
649 3229 792 3316 σύριγγος
815 3223 897 3304 ὅπως
917 3224 1008 3310 ruod,
1030 3237 1131 3308 praeter
1151 3229 1188 3290 K.
1214 3232 1242 3288 in
1264 3249 1313 3305 quo
1336 3239 1394 3288 est:

268 3311 304 3377 ἔό
326 3312 468 3399 σύριγγος
490 3311 573 3395 ὅπως
588 3311 694 3380 'revomi
738 3321 820 3376 Peius
848 3322 924 3376 etiam
947 3318 1082 3375 Porsonus
1104 3317 1209 3394 scripsit
1229 3306 1271 3386 ὡς
1293 3305 1394 3374 noorai.
1471 3370 1475 3385 ,

267 3400 376 3459 idoneis
397 3406 541 3462 rationibus
567 3403 711 3463 Elmsleius
739 3402 771 3460 ad
793 3401 900 3466 Heracl.
923 3400 997 3461 431.
1025 3395 1115 3461 ποοιοὶ
1144 3421 1160 3459 a
1187 3403 1295 3480 tragicis
1324 3401 1394 3458 abiu·

267 3483 372 3543 dicavit.

355 3583 427 3645 144.
451 3584 527 3644 Libri
558 3604 649 3644 omnes
677 3575 770 3667 φώνει
798 3605 863 3661 μοι.
920 3584 958 3644 At
978 3585 1023 3644 hic
1044 3584 1180 3644 dochmius
1202 3583 1279 3665 φίλα
1301 3575 1394 3664 φώνει

269 3690 323 3747 μοι
345 3691 396 3729 non
420 3670 495 3729 modo
516 3689 608 3747 parum
630 3675 751 3748 congruit
772 3690 829 3728 cunr
852 3671 1048 3747 antistropbico,
1069 3671 1220 3740 sedetiam,
1242 3689 1320 3746 quum
1333 3670 1395 3728 ferri

270 3775 348 3833 aegre
370 3755 473 3833 quidem
494 3762 599 3832 posset,
631 3759 658 3813 si
678 3752 754 3836 φίλα
781 3775 835 3831 μοι
857 3747 951 3837 φαίνει
973 3759 1097 3833 scripturn
1119 3767 1203 3826 esset,
1236 3756 1312 3831 plane
1333 3755 1394 3812 ferri

269 3845 359 3917 nequit
378 3861 442 3898 voce
464 3841 642 3914 monosyllaba
662 3850 724 3919 post
743 3841 847 3920 longam
864 3841 990 3912 syllabam
1007 3845 1169 3900 terminatus.
1213 3839 1395 3898 certissimum

270 3934 311 3982 est
333 3915 426 4006 φώνει
447 3928 684 4002 interpretationem
707 3944 766 3983 eme
787 3927 866 3996 verbi,
889 3925 956 4002 quod
977 3930 1023 3986 rix
1044 3925 1116 3984 aliud
1140 3943 1199 3982 esse
1220 3927 1305 4002 potuit
1319 3943 1396 4000 quam

270 4002 337 4074 dor.
379 4009 410 4070 ld
433 4013 513 4088 igitur
534 4013 648 4086 reposui.
738 4005 740 4011 ’

357 4106 428 4171 145.
451 4108 528 4175 Quod
548 4114 576 4168 in
597 4111 671 4170 libris
694 4119 736 4170 eet
757 4103 936 4187 ἀτριμοίαν,
957 4111 1025 4170 idem
1046 4111 1147 4189 vitium,
1167 4107 1237 4186 quod
1258 4127 1274 4166 a
1294 4127 1398 4209 graece·

270 4196 347 4255 dente
361 4211 439 4254 versu
459 4197 567 4268 removi,
588 4199 616 4254 in
637 4195 707 4254 bunc
727 4196 824 4254 intulit.
865 4196 958 4271 Itaque
979 4189 1145 4275 ἀτρεμαῖον
1166 4196 1269 4294 εοιίριί.
1314 4185 1397 4252 Υιιό-

271 4301 370 4361 ροφον
390 4278 551 4351 Hesychius,
573 4279 679 4351 Suidas,
696 4279 909 4358 *Etymologioum
930 4280 972 4341 ll.
998 4283 1199 4356 interpretantur
1219 4269 1398 4356 υπόοτιγον.

270 4365 382 4425 Videtur
403 4364 543 4442 Euripides
563 4382 653 4424 rocem
676 4367 752 4442 quasi
773 4367 822 4424 sub
844 4368 956 4443 tegmine
978 4365 1079 4442 abnuo,
1110 4373 1141 4424 'ut
1160 4371 1235 4422 resto
1254 4371 1397 4440 praetenta,

271 4453 434 4508 obscuratam
461 4449 555 4508 dicere.
605 4449 736 4510 Nonnulli
761 4450 822 4508 libri
848 4457 937 4510 contra
963 4461 1075 4510 maban
1100 4440 1283 4532 ὑπώροφον,
1317 4455 1348 4506 nt
1367 4452 1397 4508 in
1482 4463 1483 4498 f

270 4533 375 4592 Electra
394 4553 422 4593 r.
445 4531 538 4594 1166.
559 4527 659 4608 κλύεις
678 4525 849 4618 ὗπῶροφοο
868 4527 957 4611 βοάν.
1044 4561 1047 4567 ·
1482 4529 1483 4536 ¹
