2974 5138
813 323 865 396 20

734 503 954 581 EAENH.

289 656 320 733 nl
344 653 517 762 popellum
542 655 663 754 ἀχέων
687 657 993 758 μιταβαλλομένα
1016 655 1137 759 μόμαν
1159 655 1298 744 οἶκτον,
1335 723 1337 728 ,

221 794 280 854 166
289 788 395 860 ιισῖσν
420 782 619 882 ἁμιλλαθῶ
642 779 805 884 γόον,··ἢ
826 781 915 858 τίνα
940 789 1089 878 μοῦσαν
1114 781 1270 869 ἐπέλθω,

288 905 472 1009 δάκρυσιν
479 963 491 996 ,
517 905 541 1003 ἢ
566 904 741 1005 θρήνοις,
766 905 790 1001 ἢ
815 906 993 983 πένθεσιν
1000 936 1013 996 ,·
1039 907 1097 981 dt.

714 1038 892 1140 στροφὴ
916 1036 962 1118 α’.

462 1163 685 1266 πτεροφόροι
711 1162 887 1253 νεόνιιλες,

462 1291 661 1390 παρθένοι,
687 1289 840 1374 Χθονὸς
864 1285 986 1389 κόραι,

287 1455 567 1468 ——u-——n—-a

368 1534 409 1594 V.
437 1541 508 1596 164.
538 1533 632 1594 ¹Libri
649 1531 898 1616 καταβαλλομένα,
919 1529 992 1612 quod
1005 1531 1152 1610 Plluglius
1164 1528 1318 1590 defendere
1332 1540 1392 1588 stn-

286 1615 365 1688 duit,
387 1626 418 1676 ut
438 1617 613 1696 significaret
631 1622 717 1698 quasi
731 1619 952 1701 fundamentum
974 1617 1091 1686 ιἰισιλιιιι,
1113 1616 1277 1674 emorde'ens.
1321 1611 1390 1671 Non

285 1699 409 1759 dubitavi
433 1710 526 1760 tamen
550 1701 709 1780 Musgravii
733 1700 958 1761 emendationem
982 1697 1220 1779 μεταβαλλομένα
1245 1697 1388 1776 recipere,

284 1803 366 1862 quam
388 1783 528 1842 Matthiae
550 1804 586 1842 ne
605 1787 834 1844 commemoravit
854 1782 977 1863 quidem.
1021 1780 1094 1842 Eam
1112 1799 1181 1840 vero
1196 1799 1245 1840 res
1263 1781 1325 1859 ipsa
1339 1799 1390 1857 po-

285 1867 352 1926 scit.
393 1864 468 1924 Nam
490 1867 603 1926 Helena
622 1889 705 1947 quum
727 1868 894 1927 connuhinm
913 1865 1118 1946 Theoolymeni
1139 1874 1295 1935 metueret,
1317 1883 1390 1942 quae

285 1961 351 2008 sunt
369 1949 416 2007 illa
437 1947 549 2029 μεγάλοι
569 1949 645 2030 dixe,
666 1971 740 2010 nunc
756 1970 791 2010 ea
808 1949 988 2028 commutavit
1004 1968 1067 2006 cum
1084 1949 1139 2006 alio
1158 1947 1244 2005 multo
1258 1947 1390 2026 graviore

285 2033 375 2104 malo,
400 2033 528 2111 quoniam
549 2033 575 2092 ei
593 2033 761 2106 Menelaus,
790 2052 872 2111 quem
893 2041 1031 2090 mortuum
1050 2031 1195 2110 perhiberi
1214 2030 1329 2092 Teucer
1346 2028 1390 2086 di-

283 2116 344 2187 xit,
366 2126 410 2174 est
428 2115 577 2194 lugendus.

364 2199 405 2258 V.
431 2207 501 2263 166.
545 2199 640 2259 Recte
659 2197 725 2259 edd.
743 2209 813 2258 vett.
834 2197 900 2256 huic
917 2197 1013 2256 versui
1027 2195 1196 2256 adiiciunt}
1214 2193 1236 2268 έ,
1258 2213 1327 2274 quas
1347 2195 1390 2252 in-

283 2282 465 2341 teriectiones
491 2284 668 2343 recentiores
692 2283 783 2342 critici
809 2281 844 2341 ah
873 2301 908 2339 eo
928 2292 1106 2359 separarunt.
1155 2278 1211 2338 Est
1232 2289 1324 2337 autem
1341 2276 1390 2336 hio

282 2383 383 2424 versus
403 2376 580 2444 pentameter
597 2364 770 2446 dactylicus,
795 2365 870 2436 nisi,
900 2363 974 2443 quod
992 2363 1073 2423 valde
1096 2361 1233 2422 credibile
1252 2371 1313 2433 est,
1335 2361 1389 2419 ite·

281 2446 386 2508 randae
404 2460 469 2508 sunt
489 2450 560 2508 istac
578 2452 712 2523 voculae,
735 2458 784 2508 aut
800 2448 970 2528 geminatum
991 2449 1058 2508 αιάῖ
1074 2444 1243 2525 ponendum.

364 2532 405 2594 V.
430 2541 502 2596 167.
553 2533 585 2592 ln
600 2531 705 2592 Aldina
726 2529 798 2592 haec
818 2531 932 2608 stropha
952 2531 993 2590 sio
1014 2533 1120 2608 scripta
1144 2540 1174 2588 et
1196 2524 1389 2590 versibusdi-

281 2615 381 2676 stincte
400 2616 519 2694 legiture

520 2694 720 2778 Ἰπτεροφόροι
743 2693 888 2771 νεάνιδες,

533 2781 684 2858 παρθένοι
705 2777 820 2860 χθονός
841 2778 929 2863 κόραι

531 2868 684 2943 σειρῆνος,
707 2861 766 2924 εἴθ’
789 2863 873 2944 έμοῖς

534 2943 662 3027 μόλοιτ’,
686 2946 803 3027 έχουσαι
825 2943 879 3009 τόν
900 2945 988 3026 λίβον

494 3037 512 3093 6
534 3026 646 3106 λωτόν,
668 3028 690 3110 ἢ
713 3029 854 3114 σύριγγας
873 3031 1000 3104 αἰλίνοις
1020 3035 1123 3105 κακοῖς

531 3119 594 3188 τοῖς
616 3114 730 3195 ε’μοῖσι,
752 3115 864 3195 σύνοχα
887 3113 1013 3190 δάκρυα,

425 3215 430 3224 ’
533 3196 647 3261 πόθεσι
670 3197 788 3275 πάθεα,
811 3199 911 3282 μέλεσι
933 3197 1030 3279 μέλεα,

531 3280 655 3361 μοοσεῐό
678 3306 709 3344 τε
731 3280 907 3364 θρηνήμασι
928 3276 1044 3364 ξυνῳδὰ

534 3366 662 3446 πέμψειε
685 3368 891 3447 Φερσέφασσα,

375 3479 379 3488 Δ
472 3459 510 3512 10
533 3449 641 3526 φόνια,
662 3448 771 3528 φόνια,
794 3448 924 3531 χάριτας,

531 3531 575 3594 ἵν’
597 3533 647 3596 daal
670 3532 811 3616 όόκριισι,
833 3530 908 3614 παρ’
934 3529 986 3612 έμέ

526 3613 561 3678 o’
581 3615 643 3682 ὖπό
666 3617 801 3699 μέλαθρα
821 3615 909 3698 νύχια
930 3639 985 3678 παι

524 3705 606 3776 ιᾶνας
626 3701 746 3764 νέκυσιν
768 3699 924 3781 ὀλομένοις
944 3696 1031 3782 λάβῃ.

204 3816 207 3822 ’
273 3797 375 3859 'Versu
395 3799 479 3857 tertio
498 3796 581 3880 γόοις
599 3821 636 3862 ex
653 3799 717 3861 cod.
730 3800 769 3860 E.
790 3799 898 3863 addidit
914 3799 1107 3878 Musgravius.
1146 3794 1224 3856 Idem
1240 3797 1324 3856 etiam
1341 3808 1385 3855 to-

277 3884 333 3941 tius
352 3881 483 3962 strophae
500 3886 668 3944 sententiam
685 3887 793 3944 rectius
811 3905 891 3964 quam
909 3883 1017 3944 caeteri
1036 3883 1207 3959 interpretes
1224 3880 1382 3959 perspexit,
1468 3923 1469 3932 ,

277 3985 360 4044 quum
380 3965 577 4043 Φερσέφασσα
595 3968 751 4042 vocativum
773 3987 837 4027 esse
852 3979 941 4039 ratus,
965 3973 1069 4038 κακοῖς
1091 3966 1132 4036 οῖς
1148 3965 1245 4040 ἐμοῖσι
1260 3973 1290 4023 et
1310 3986 1384 4043 μου-

277 4053 343 4108 σεῖα
362 4044 413 4110 ned
436 4049 615 4110 scribendum
634 4051 772 4110 coniecit:
798 4070 869 4133 qnae
890 4052 930 4110 sio
950 4062 995 4110 cst
1013 4051 1230 4126 interpretatus:
1251 4065 1309 4108 ιαιιι
1330 4048 1383 4108 λο-

278 4129 375 4190 bentes
390 4134 526 4213 Libycum
545 4136 645 4206 lotum,
672 4135 906 4213 orundthempue,
931 4146 965 4194 ot
983 4135 1023 4192 ad
1039 4142 1259 4202 recrementum,
1281 4133 1384 4190 oPro·

276 4214 403 4290 ειιμίιιο,
426 4219 557 4279 lomentis
571 4228 739 4279 resonantes
754 4219 850 4278 ιιιιίισι
863 4227 988 4297 questus,
1013 4216 1138 4285 dolores,
1160 4216 1292 4285 anonim,
1314 4217 1384 4274 meis

278 4295 462 4374 deplorandis
476 4303 558 4361 οιολίε
575 4305 710 4363 metuens.
753 4299 820 4360 Non
837 4310 954 4380 possunt
968 4310 1061 4358 tamen
1076 4297 1147 4357 haec
1161 4296 1294 4378 probari,
1316 4297 1383 4376 qnia

277 4380 369 4456 neque
387 4375 428 4452 οῖς
444 4383 588 4444 commode
608 4387 728 4463 positum
751 4395 804 4458 est,
825 4385 944 4462 (rcotins
958 4382 1035 4441 enim
1047 4391 1126 4440 esset
1146 4376 1239 4442 αἰ’λιν’
1259 4379 1310 4441 ivo
1330 4404 1382 4442 en·
1468 4437 1469 4440 ,

276 4469 343 4534 κοῖς
364 4467 428 4532 τοῖς
447 4461 560 4544 ἐμοῖσι)
588 4487 680 4545 neque
702 4467 822 4527 iambica
842 4463 972 4544 dipodia,
1000 4471 1125 4544 μουσεῖα
1146 4459 1216 4537 τιό,
1242 4465 1297 4522 etsi
1318 4481 1381 4524 eam

277 4545 334 4605 lert
362 4544 593 4625 antistrophicum
624 4547 641 4609 ὅ
664 4571 692 4609 τι
713 4545 784 4610 πότ’
806 4549 925 4624 έλαιιεν,
958 4549 1096 4626 iambica,
1125 4544 1176 4606 sed
1205 4547 1299 4626 potius
1322 4556 1381 4605 tro-
