<?xml version="1.0" encoding="UTF-8"?>
<!DOCTYPE html PUBLIC "-//W3C//DTD XHTML 1.0 Transitional//EN"
    "http://www.w3.org/TR/xhtml1/DTD/xhtml1-transitional.dtd">
<html xmlns="http://www.w3.org/1999/xhtml" xml:lang="en" lang="en">
 <head>
  <title>
</title>
<meta http-equiv="Content-Type" content="text/html;charset=utf-8" />
  <meta name='ocr-system' content='tesseract 3.04.00' />
  <meta name='ocr-capabilities' content='ocr_page ocr_carea ocr_par ocr_line ocrx_word'/>
</head>
<body>
  <div class='ocr_page' id='page_1' title='image "./euripidistragoe09eurigoog/euripidistragoe09eurigoog_0444.png"; bbox 0 0 3026 5134; ppageno 0'>
   <div class='ocr_carea' id='block_1_1' title="bbox 658 335 724 382">
    <p class='ocr_par' dir='ltr' id='par_1_1' title="bbox 658 335 724 382">
     <span class='ocr_line' id='line_1_1' title="bbox 658 335 724 382; baseline 0 0"><span class='ocrx_word' id='word_1_1' title='bbox 658 335 724 382; x_wconf 76' lang='lat' dir='ltr'><strong>XII</strong></span> 
     </span>
    </p>
   </div>
   <div class='ocr_carea' id='block_1_2' title="bbox 131 509 1338 3138">
    <p class='ocr_par' dir='ltr' id='par_1_2' title="bbox 131 509 1255 1975">
     <span class='ocr_line' id='line_1_2' title="bbox 133 509 1254 609; baseline 0.002 -27"><span class='ocrx_word' id='word_1_2' title='bbox 133 534 230 606; x_wconf 88' lang='lat' dir='ltr'><strong>qnam</strong></span> <span class='ocrx_word' id='word_1_3' title='bbox 256 519 353 606; x_wconf 81' lang='lat' dir='ltr'><strong>gerat</strong></span> <span class='ocrx_word' id='word_1_4' title='bbox 376 510 476 584; x_wconf 83' lang='lat' dir='ltr'><strong>fuerit</strong></span> <span class='ocrx_word' id='word_1_5' title='bbox 502 511 655 584; x_wconf 84' lang='lat' dir='ltr'><strong>donatus.</strong></span> <span class='ocrx_word' id='word_1_6' title='bbox 708 509 850 584; x_wconf 79' lang='lat' dir='ltr'>Credam</span> <span class='ocrx_word' id='word_1_7' title='bbox 883 514 1030 609; x_wconf 84' lang='lat' dir='ltr'><strong>gavisum</strong></span> <span class='ocrx_word' id='word_1_8' title='bbox 1058 536 1131 585; x_wconf 91' lang='lat' dir='ltr'><strong>esse</strong></span> <span class='ocrx_word' id='word_1_9' title='bbox 1157 513 1254 586; x_wconf 87' lang='lat' dir='ltr'><strong>thea-</strong></span> 
     </span>
     <span class='ocr_line' id='line_1_3' title="bbox 131 638 1255 713; baseline -0.001 -3"><span class='ocrx_word' id='word_1_10' title='bbox 131 647 220 710; x_wconf 89' lang='lat' dir='ltr'><strong>trum</strong></span> <span class='ocrx_word' id='word_1_11' title='bbox 247 645 282 710; x_wconf 90' lang='lat' dir='ltr'><strong>et</strong></span> <span class='ocrx_word' id='word_1_12' title='bbox 305 661 407 710; x_wconf 89' lang='lat' dir='ltr'><strong>aurea</strong></span> <span class='ocrx_word' id='word_1_13' title='bbox 438 638 523 710; x_wconf 85' lang='lat' dir='ltr'><strong>uatis</strong></span> <span class='ocrx_word' id='word_1_14' title='bbox 549 663 673 713; x_wconf 85' lang='lat' dir='ltr'><strong>corona</strong></span> <span class='ocrx_word' id='word_1_15' title='bbox 698 646 732 712; x_wconf 89' lang='lat' dir='ltr'><strong>et</strong></span> <span class='ocrx_word' id='word_1_16' title='bbox 764 639 886 711; x_wconf 82' lang='lat' dir='ltr'><strong>ueteris</strong></span> <span class='ocrx_word' id='word_1_17' title='bbox 917 639 1167 712; x_wconf 80' lang='lat' dir='ltr'><strong>Atheniensium</strong></span> <span class='ocrx_word' id='word_1_18' title='bbox 1201 639 1255 710; x_wconf 85' lang='lat' dir='ltr'><strong>ui-</strong></span> 
     </span>
     <span class='ocr_line' id='line_1_4' title="bbox 132 763 1253 863; baseline 0.001 -27"><span class='ocrx_word' id='word_1_19' title='bbox 132 763 261 836; x_wconf 78' lang='lat' dir='ltr'><strong>ctoriae</strong></span> <span class='ocrx_word' id='word_1_20' title='bbox 289 765 611 858; x_wconf 77' lang='lat' dir='ltr'><strong>commemoratione,</strong></span> <span class='ocrx_word' id='word_1_21' title='bbox 638 765 696 837; x_wconf 92' lang='lat' dir='ltr'><strong>sed</strong></span> <span class='ocrx_word' id='word_1_22' title='bbox 720 765 776 862; x_wconf 93' lang='lat' dir='ltr'><strong>qui</strong></span> <span class='ocrx_word' id='word_1_23' title='bbox 803 771 894 838; x_wconf 88' lang='lat' dir='ltr'><strong>recte</strong></span> <span class='ocrx_word' id='word_1_24' title='bbox 920 764 961 836; x_wconf 92' lang='lat' dir='ltr'><strong>de</strong></span> <span class='ocrx_word' id='word_1_25' title='bbox 987 767 1080 863; x_wconf 81' lang='lat' dir='ltr'><strong>poesi</strong></span> <span class='ocrx_word' id='word_1_26' title='bbox 1105 766 1253 838; x_wconf 90' lang='lat' dir='ltr'><strong>iudicare</strong></span> 
     </span>
     <span class='ocr_line' id='line_1_5' title="bbox 131 889 1253 988; baseline 0.002 -26"><span class='ocrx_word' id='word_1_27' title='bbox 131 889 333 983; x_wconf 76' lang='lat' dir='ltr'><strong>didicerant,</strong></span> <span class='ocrx_word' id='word_1_28' title='bbox 359 892 467 962; x_wconf 91' lang='lat' dir='ltr'><strong>aliena</strong></span> <span class='ocrx_word' id='word_1_29' title='bbox 493 915 568 964; x_wconf 89' lang='lat' dir='ltr'><strong>esse</strong></span> <span class='ocrx_word' id='word_1_30' title='bbox 599 893 665 964; x_wconf 87' lang='lat' dir='ltr'><strong>ista</strong></span> <span class='ocrx_word' id='word_1_31' title='bbox 699 898 733 964; x_wconf 87' lang='lat' dir='ltr'><strong>et</strong></span> <span class='ocrx_word' id='word_1_32' title='bbox 766 891 953 988; x_wconf 86' lang='lat' dir='ltr'><strong>importuna</strong></span> <span class='ocrx_word' id='word_1_33' title='bbox 977 891 1166 988; x_wconf 83' lang='lat' dir='ltr'><strong>intelligere</strong></span> <span class='ocrx_word' id='word_1_34' title='bbox 1193 891 1253 964; x_wconf 90' lang='lat' dir='ltr'><strong>de-</strong></span> 
     </span>
     <span class='ocr_line' id='line_1_6' title="bbox 131 1016 1253 1115; baseline 0 -26"><span class='ocrx_word' id='word_1_35' title='bbox 131 1019 288 1110; x_wconf 85' lang='lat' dir='ltr'><strong>buerunt,</strong></span> <span class='ocrx_word' id='word_1_36' title='bbox 321 1018 386 1090; x_wconf 85' lang='lat' dir='ltr'><strong>etsi</strong></span> <span class='ocrx_word' id='word_1_37' title='bbox 416 1016 599 1115; x_wconf 76' lang='lat' dir='ltr'><strong>Euripides</strong></span> <span class='ocrx_word' id='word_1_38' title='bbox 631 1018 697 1090; x_wconf 87' lang='lat' dir='ltr'><strong>ista</strong></span> <span class='ocrx_word' id='word_1_39' title='bbox 736 1016 893 1092; x_wconf 76' lang='lat' dir='ltr'><strong>Tiresiae</strong></span> <span class='ocrx_word' id='word_1_40' title='bbox 933 1018 1121 1090; x_wconf 84' lang='lat' dir='ltr'><strong>narratione</strong></span> <span class='ocrx_word' id='word_1_41' title='bbox 1154 1018 1253 1090; x_wconf 80' lang='lat' dir='ltr'><strong>siunul</strong></span> 
     </span>
     <span class='ocr_line' id='line_1_7' title="bbox 135 1117 1252 1240; baseline 0 -25"><span class='ocrx_word' id='word_1_42' title='bbox 135 1143 266 1216; x_wconf 84' lang='lat' dir='ltr'><strong>ridetur</strong></span> <span class='ocrx_word' id='word_1_43' title='bbox 291 1143 527 1239; x_wconf 88' lang='lat' dir='ltr'><strong>quadammodo</strong></span> <span class='ocrx_word' id='word_1_44' title='bbox 554 1117 714 1218; x_wconf 83' lang='lat' dir='ltr'><strong>excusare</strong></span> <span class='ocrx_word' id='word_1_45' title='bbox 740 1142 914 1217; x_wconf 84' lang='lat' dir='ltr'><strong>Eteoclen</strong></span> <span class='ocrx_word' id='word_1_46' title='bbox 932 1144 1090 1237; x_wconf 86' lang='lat' dir='ltr'><strong>uoluisse,</strong></span> <span class='ocrx_word' id='word_1_47' title='bbox 1109 1143 1194 1240; x_wconf 91' lang='lat' dir='ltr'><strong>quod</strong></span> <span class='ocrx_word' id='word_1_48' title='bbox 1221 1145 1252 1216; x_wconf 90' lang='lat' dir='ltr'><strong>is</strong></span> 
     </span>
     <span class='ocr_line' id='line_1_8' title="bbox 132 1269 1252 1363; baseline 0.002 -22"><span class='ocrx_word' id='word_1_49' title='bbox 132 1277 242 1342; x_wconf 87' lang='lat' dir='ltr'><strong>uatem</strong></span> <span class='ocrx_word' id='word_1_50' title='bbox 266 1293 354 1343; x_wconf 91' lang='lat' dir='ltr'><strong>nune</strong></span> <span class='ocrx_word' id='word_1_51' title='bbox 389 1269 517 1343; x_wconf 85' lang='lat' dir='ltr'><strong>demurn</strong></span> <span class='ocrx_word' id='word_1_52' title='bbox 550 1271 768 1344; x_wconf 88' lang='lat' dir='ltr'><strong>consuluerit.</strong></span> <span class='ocrx_word' id='word_1_53' title='bbox 820 1269 918 1363; x_wconf 71' lang='lat' dir='ltr'><strong>Quod</strong></span> <span class='ocrx_word' id='word_1_54' title='bbox 942 1271 1002 1341; x_wconf 89' lang='lat' dir='ltr'><strong>ille</strong></span> <span class='ocrx_word' id='word_1_55' title='bbox 1028 1271 1058 1342; x_wconf 94' lang='lat' dir='ltr'><strong>si</strong></span> <span class='ocrx_word' id='word_1_56' title='bbox 1082 1270 1116 1342; x_wconf 94' lang='lat' dir='ltr'><strong>in</strong></span> <span class='ocrx_word' id='word_1_57' title='bbox 1144 1279 1252 1343; x_wconf 83' lang='lat' dir='ltr'><strong>mento</strong></span> 
     </span>
     <span class='ocr_line' id='line_1_9' title="bbox 131 1396 1253 1494; baseline 0 -26"><span class='ocrx_word' id='word_1_58' title='bbox 131 1396 261 1489; x_wconf 88' lang='lat' dir='ltr'><strong>habuit,</strong></span> <span class='ocrx_word' id='word_1_59' title='bbox 290 1402 417 1494; x_wconf 82' lang='grc' dir='ltr'><em>σοφῶς</em></span> <span class='ocrx_word' id='word_1_60' title='bbox 442 1397 596 1493; x_wconf 90' lang='lat' dir='ltr'><strong>quidem,</strong></span> <span class='ocrx_word' id='word_1_61' title='bbox 630 1396 781 1469; x_wconf 87' lang='lat' dir='ltr'><strong>sednon</strong></span> <span class='ocrx_word' id='word_1_62' title='bbox 809 1402 959 1494; x_wconf 83' lang='grc' dir='ltr'><strong><em>σαφῶς,</em></strong></span> <span class='ocrx_word' id='word_1_63' title='bbox 985 1406 1023 1470; x_wconf 86' lang='lat' dir='ltr'><strong>nt</strong></span> <span class='ocrx_word' id='word_1_64' title='bbox 1050 1396 1253 1494; x_wconf 81' lang='lat' dir='ltr'><strong>Aristopha-</strong></span> 
     </span>
     <span class='ocr_line' id='line_1_10' title="bbox 131 1520 1250 1619; baseline -0.001 -23"><span class='ocrx_word' id='word_1_65' title='bbox 131 1523 186 1596; x_wconf 88' lang='lat' dir='ltr'><strong>nis</strong></span> <span class='ocrx_word' id='word_1_66' title='bbox 212 1523 322 1596; x_wconf 83' lang='lat' dir='ltr'><strong>uerbis</strong></span> <span class='ocrx_word' id='word_1_67' title='bbox 347 1531 434 1614; x_wconf 89' lang='lat' dir='ltr'><strong>utar,</strong></span> <span class='ocrx_word' id='word_1_68' title='bbox 467 1523 625 1597; x_wconf 73' lang='lat' dir='ltr'><strong>nstituit,</strong></span> <span class='ocrx_word' id='word_1_69' title='bbox 676 1520 750 1594; x_wconf 87' lang='lat' dir='ltr'><strong>Vix</strong></span> <span class='ocrx_word' id='word_1_70' title='bbox 777 1523 864 1594; x_wconf 89' lang='lat' dir='ltr'><strong>enim</strong></span> <span class='ocrx_word' id='word_1_71' title='bbox 888 1523 1055 1594; x_wconf 81' lang='lat' dir='ltr'><strong>senserint</strong></span> <span class='ocrx_word' id='word_1_72' title='bbox 1081 1532 1250 1619; x_wconf 85' lang='lat' dir='ltr'><strong>spectato·</strong></span> 
     </span>
     <span class='ocr_line' id='line_1_11' title="bbox 132 1646 1250 1754; baseline -0.001 -32"><span class='ocrx_word' id='word_1_73' title='bbox 132 1674 190 1722; x_wconf 85' lang='lat' dir='ltr'><strong>res</strong></span> <span class='ocrx_word' id='word_1_74' title='bbox 207 1648 298 1720; x_wconf 90' lang='lat' dir='ltr'><strong>illud</strong></span> <span class='ocrx_word' id='word_1_75' title='bbox 332 1650 518 1722; x_wconf 92' lang='lat' dir='ltr'><strong>consilium.</strong></span> <span class='ocrx_word' id='word_1_76' title='bbox 577 1646 655 1754; x_wconf 81' lang='lat' dir='ltr'><strong>Nqn</strong></span> <span class='ocrx_word' id='word_1_77' title='bbox 689 1650 829 1737; x_wconf 88' lang='lat' dir='ltr'><strong>lateret,</strong></span> <span class='ocrx_word' id='word_1_78' title='bbox 870 1648 900 1720; x_wconf 89' lang='lat' dir='ltr'><strong>si</strong></span> <span class='ocrx_word' id='word_1_79' title='bbox 932 1647 1115 1740; x_wconf 85' lang='lat' dir='ltr'><strong>Eteocles,</strong></span> <span class='ocrx_word' id='word_1_80' title='bbox 1151 1673 1250 1745; x_wconf 91' lang='lat' dir='ltr'><strong>quum</strong></span> 
     </span>
     <span class='ocr_line' id='line_1_12' title="bbox 133 1775 1252 1872; baseline -0.003 -23"><span class='ocrx_word' id='word_1_81' title='bbox 133 1776 178 1849; x_wconf 93' lang='lat' dir='ltr'><strong>de</strong></span> <span class='ocrx_word' id='word_1_82' title='bbox 204 1775 340 1848; x_wconf 83' lang='lat' dir='ltr'><strong>Tiresia</strong></span> <span class='ocrx_word' id='word_1_83' title='bbox 379 1775 595 1872; x_wconf 83' lang='lat' dir='ltr'><strong>loquebatur,</strong></span> <span class='ocrx_word' id='word_1_84' title='bbox 629 1799 716 1849; x_wconf 93' lang='lat' dir='ltr'><strong>nnnc</strong></span> <span class='ocrx_word' id='word_1_85' title='bbox 752 1798 826 1848; x_wconf 89' lang='lat' dir='ltr'><strong>eum</strong></span> <span class='ocrx_word' id='word_1_86' title='bbox 860 1798 903 1846; x_wconf 87' lang='lat' dir='ltr'><strong>ex</strong></span> <span class='ocrx_word' id='word_1_87' title='bbox 934 1775 1054 1850; x_wconf 88' lang='lat' dir='ltr'><strong>itinere</strong></span> <span class='ocrx_word' id='word_1_88' title='bbox 1083 1797 1252 1846; x_wconf 83' lang='lat' dir='ltr'><strong>reuersum</strong></span> 
     </span>
     <span class='ocr_line' id='line_1_13' title="bbox 133 1901 367 1975; baseline -0.009 -1"><span class='ocrx_word' id='word_1_89' title='bbox 133 1901 287 1975; x_wconf 82' lang='lat' dir='ltr'><strong>dixisset.</strong></span> <span class='ocrx_word' id='word_1_90' title='bbox 362 1961 367 1972; x_wconf 94' lang='lat'><em>.</em></span> 
     </span>
    </p>

    <p class='ocr_par' dir='ltr' id='par_1_3' title="bbox 134 2027 1338 3138">
     <span class='ocr_line' id='line_1_14' title="bbox 237 2027 1255 2126; baseline 0 -27"><span class='ocrx_word' id='word_1_91' title='bbox 237 2027 308 2100; x_wconf 90' lang='lat' dir='ltr'><strong>Iam</strong></span> <span class='ocrx_word' id='word_1_92' title='bbox 334 2029 438 2126; x_wconf 84' lang='lat' dir='ltr'><strong>igitur</strong></span> <span class='ocrx_word' id='word_1_93' title='bbox 464 2028 632 2122; x_wconf 88' lang='lat' dir='ltr'><strong>Tiresias,</strong></span> <span class='ocrx_word' id='word_1_94' title='bbox 659 2035 787 2101; x_wconf 86' lang='lat' dir='ltr'><strong>mutuas</strong></span> <span class='ocrx_word' id='word_1_95' title='bbox 813 2027 950 2100; x_wconf 85' lang='lat' dir='ltr'><strong>iratrurn</strong></span> <span class='ocrx_word' id='word_1_96' title='bbox 977 2027 1096 2102; x_wconf 85' lang='lat' dir='ltr'><strong>caedes</strong></span> <span class='ocrx_word' id='word_1_97' title='bbox 1119 2027 1255 2126; x_wconf 84' lang='lat' dir='ltr'><strong>praedi·</strong></span> 
     </span>
     <span class='ocr_line' id='line_1_15' title="bbox 135 2153 1254 2252; baseline -0.002 -24"><span class='ocrx_word' id='word_1_98' title='bbox 135 2178 237 2246; x_wconf 86' lang='lat' dir='ltr'><strong>cens,</strong></span> <span class='ocrx_word' id='word_1_99' title='bbox 271 2179 368 2227; x_wconf 89' lang='lat' dir='ltr'><strong>unam</strong></span> <span class='ocrx_word' id='word_1_100' title='bbox 397 2153 564 2252; x_wconf 83' lang='lat' dir='ltr'><strong>significet</strong></span> <span class='ocrx_word' id='word_1_101' title='bbox 595 2156 746 2228; x_wconf 88' lang='lat' dir='ltr'><strong>relictam</strong></span> <span class='ocrx_word' id='word_1_102' title='bbox 780 2179 854 2226; x_wconf 89' lang='lat' dir='ltr'><strong>esse</strong></span> <span class='ocrx_word' id='word_1_103' title='bbox 879 2155 1069 2226; x_wconf 77' lang='lat' dir='ltr'><strong>liberandae</strong></span> <span class='ocrx_word' id='word_1_104' title='bbox 1097 2156 1136 2227; x_wconf 85' lang='lat' dir='ltr'><strong>ab</strong></span> <span class='ocrx_word' id='word_1_105' title='bbox 1158 2155 1254 2228; x_wconf 86' lang='lat' dir='ltr'><strong>hoste</strong></span> 
     </span>
     <span class='ocr_line' id='line_1_16' title="bbox 135 2267 1256 2378; baseline 0.002 -26"><span class='ocrx_word' id='word_1_106' title='bbox 135 2280 230 2352; x_wconf 88' lang='lat' dir='ltr'><strong>urbis</strong></span> <span class='ocrx_word' id='word_1_107' title='bbox 254 2282 352 2372; x_wconf 72' lang='lat' dir='ltr'><strong>uam,</strong></span> <span class='ocrx_word' id='word_1_108' title='bbox 384 2281 442 2353; x_wconf 86' lang='lat' dir='ltr'><strong>sed</strong></span> <span class='ocrx_word' id='word_1_109' title='bbox 468 2305 539 2354; x_wconf 92' lang='lat' dir='ltr'><strong>eam</strong></span> <span class='ocrx_word' id='word_1_110' title='bbox 565 2289 631 2353; x_wconf 87' lang='lat' dir='ltr'><strong>tam</strong></span> <span class='ocrx_word' id='word_1_111' title='bbox 658 2282 799 2372; x_wconf 87' lang='lat' dir='ltr'><strong>tristem,</strong></span> <span class='ocrx_word' id='word_1_112' title='bbox 825 2289 881 2372; x_wconf 87' lang='lat' dir='ltr'><strong>ut,</strong></span> <span class='ocrx_word' id='word_1_113' title='bbox 915 2305 1013 2377; x_wconf 91' lang='lat' dir='ltr'><strong>quum</strong></span> <span class='ocrx_word' id='word_1_114' title='bbox 1045 2281 1172 2378; x_wconf 77' lang='lat' dir='ltr'><strong>profari</strong></span> <span class='ocrx_word' id='word_1_115' title='bbox 1197 2267 1256 2354; x_wconf 85' lang='lat' dir='ltr'><strong>re-</strong></span> 
     </span>
     <span class='ocr_line' id='line_1_17' title="bbox 136 2405 1255 2504; baseline 0.001 -26"><span class='ocrx_word' id='word_1_116' title='bbox 136 2415 263 2499; x_wconf 84' lang='lat' dir='ltr'><strong>reatnr,</strong></span> <span class='ocrx_word' id='word_1_117' title='bbox 290 2408 380 2479; x_wconf 84' lang='lat' dir='ltr'><strong>ubire</strong></span> <span class='ocrx_word' id='word_1_118' title='bbox 406 2409 499 2480; x_wconf 85' lang='lat' dir='ltr'><strong>uelit.</strong></span> <span class='ocrx_word' id='word_1_119' title='bbox 553 2406 738 2481; x_wconf 89' lang='lat' dir='ltr'><strong>Instantem</strong></span> <span class='ocrx_word' id='word_1_120' title='bbox 763 2417 801 2479; x_wconf 90' lang='lat' dir='ltr'><strong>nt</strong></span> <span class='ocrx_word' id='word_1_121' title='bbox 826 2408 915 2479; x_wconf 88' lang='lat' dir='ltr'><strong>dicat</strong></span> <span class='ocrx_word' id='word_1_122' title='bbox 941 2405 1119 2480; x_wconf 87' lang='lat' dir='ltr'><strong>Creontem</strong></span> <span class='ocrx_word' id='word_1_123' title='bbox 1144 2416 1255 2504; x_wconf 85' lang='lat' dir='ltr'><strong>rogat,</strong></span> 
     </span>
     <span class='ocr_line' id='line_1_18' title="bbox 134 2532 1255 2630; baseline 0 -24"><span class='ocrx_word' id='word_1_124' title='bbox 134 2542 181 2606; x_wconf 85' lang='lat' dir='ltr'><strong>ut·</strong></span> <span class='ocrx_word' id='word_1_125' title='bbox 206 2534 363 2608; x_wconf 89' lang='lat' dir='ltr'><strong>secedere</strong></span> <span class='ocrx_word' id='word_1_126' title='bbox 394 2535 506 2606; x_wconf 82' lang='lat' dir='ltr'><strong>iubeat</strong></span> <span class='ocrx_word' id='word_1_127' title='bbox 531 2535 655 2606; x_wconf 84' lang='lat' dir='ltr'><strong>lilium:</strong></span> <span class='ocrx_word' id='word_1_128' title='bbox 688 2558 752 2630; x_wconf 91' lang='lat' dir='ltr'><strong>quo</strong></span> <span class='ocrx_word' id='word_1_129' title='bbox 778 2532 813 2605; x_wconf 94' lang='lat' dir='ltr'><strong>id</strong></span> <span class='ocrx_word' id='word_1_130' title='bbox 840 2533 1056 2626; x_wconf 83' lang='lat' dir='ltr'><strong>detrectante,</strong></span> <span class='ocrx_word' id='word_1_131' title='bbox 1083 2534 1171 2630; x_wconf 90' lang='lat' dir='ltr'><strong>quod</strong></span> <span class='ocrx_word' id='word_1_132' title='bbox 1196 2534 1255 2606; x_wconf 91' lang='lat' dir='ltr'><strong>ille</strong></span> 
     </span>
     <span class='ocr_line' id='line_1_19' title="bbox 135 2641 1257 2758; baseline 0 -26"><span class='ocrx_word' id='word_1_133' title='bbox 135 2685 266 2758; x_wconf 85' lang='lat' dir='ltr'><strong>quoqne</strong></span> <span class='ocrx_word' id='word_1_134' title='bbox 301 2641 464 2733; x_wconf 89' lang='lat' dir='ltr'><strong>audienda</strong></span> <span class='ocrx_word' id='word_1_135' title='bbox 496 2686 556 2758; x_wconf 85' lang='lat' dir='ltr'><strong>spe</strong></span> <span class='ocrx_word' id='word_1_136' title='bbox 589 2651 707 2734; x_wconf 87' lang='lat' dir='ltr'><strong>salutis</strong></span> <span class='ocrx_word' id='word_1_137' title='bbox 739 2661 912 2757; x_wconf 76' lang='lat' dir='ltr'><strong>gavisurus</strong></span> <span class='ocrx_word' id='word_1_138' title='bbox 946 2661 1010 2752; x_wconf 89' lang='lat' dir='ltr'><strong>sit,</strong></span> <span class='ocrx_word' id='word_1_139' title='bbox 1037 2661 1124 2732; x_wconf 88' lang='lat' dir='ltr'><strong>lune</strong></span> <span class='ocrx_word' id='word_1_140' title='bbox 1148 2661 1257 2756; x_wconf 83' lang='lat' dir='ltr'><strong>ipsum</strong></span> 
     </span>
     <span class='ocr_line' id='line_1_20' title="bbox 134 2785 1258 2885; baseline -0.004 -25"><span class='ocrx_word' id='word_1_141' title='bbox 134 2787 369 2879; x_wconf 88' lang='lat' dir='ltr'><strong>Menoeceum,</strong></span> <span class='ocrx_word' id='word_1_142' title='bbox 396 2795 433 2860; x_wconf 87' lang='lat' dir='ltr'><strong>ut</strong></span> <span class='ocrx_word' id='word_1_143' title='bbox 459 2789 515 2884; x_wconf 93' lang='lat' dir='ltr'><strong>qui</strong></span> <span class='ocrx_word' id='word_1_144' title='bbox 540 2789 633 2861; x_wconf 89' lang='lat' dir='ltr'><strong>solus</strong></span> <span class='ocrx_word' id='word_1_145' title='bbox 659 2813 703 2860; x_wconf 83' lang='lat' dir='ltr'><strong>ex</strong></span> <span class='ocrx_word' id='word_1_146' title='bbox 729 2785 863 2885; x_wconf 86' lang='lat' dir='ltr'><strong>Spartis</strong></span> <span class='ocrx_word' id='word_1_147' title='bbox 882 2811 1003 2885; x_wconf 81' lang='lat' dir='ltr'><strong>expers</strong></span> <span class='ocrx_word' id='word_1_148' title='bbox 1029 2785 1176 2884; x_wconf 83' lang='lat' dir='ltr'><strong>coniugii</strong></span> <span class='ocrx_word' id='word_1_149' title='bbox 1201 2809 1258 2857; x_wconf 89' lang='lat' dir='ltr'><strong>re·</strong></span> 
     </span>
     <span class='ocr_line' id='line_1_21' title="bbox 136 2903 1338 3010; baseline -0.001 -24"><span class='ocrx_word' id='word_1_150' title='bbox 136 2915 248 3010; x_wconf 84' lang='lat' dir='ltr'><strong>liquos</strong></span> <span class='ocrx_word' id='word_1_151' title='bbox 274 2915 331 3006; x_wconf 84' lang='lat' dir='ltr'><strong>sit,</strong></span> <span class='ocrx_word' id='word_1_152' title='bbox 358 2903 563 2988; x_wconf 83' lang='lat' dir='ltr'><strong>mactandum</strong></span> <span class='ocrx_word' id='word_1_153' title='bbox 590 2940 664 2988; x_wconf 87' lang='lat' dir='ltr'><strong>esse</strong></span> <span class='ocrx_word' id='word_1_154' title='bbox 701 2915 801 2988; x_wconf 80' lang='lat' dir='ltr'><strong>dicit:</strong></span> <span class='ocrx_word' id='word_1_155' title='bbox 837 2913 1040 2987; x_wconf 85' lang='lat' dir='ltr'><strong>Haemonem</strong></span> <span class='ocrx_word' id='word_1_156' title='bbox 1067 2914 1167 3006; x_wconf 89' lang='lat' dir='ltr'><strong>enim,</strong></span> <span class='ocrx_word' id='word_1_157' title='bbox 1193 2912 1258 2985; x_wconf 85' lang='lat' dir='ltr'><strong>etsi</strong></span> <span class='ocrx_word' id='word_1_158' title='bbox 1337 2949 1338 2954; x_wconf 39' lang='lat'>¹</span> 
     </span>
     <span class='ocr_line' id='line_1_22' title="bbox 135 3021 1258 3138; baseline -0.004 -24"><span class='ocrx_word' id='word_1_159' title='bbox 135 3040 281 3114; x_wconf 90' lang='lat' dir='ltr'><strong>nondum</strong></span> <span class='ocrx_word' id='word_1_160' title='bbox 307 3041 440 3114; x_wconf 83' lang='lat' dir='ltr'><strong>duxerit</strong></span> <span class='ocrx_word' id='word_1_161' title='bbox 465 3066 616 3132; x_wconf 82' lang='lat' dir='ltr'><strong>uxorem,</strong></span> <span class='ocrx_word' id='word_1_162' title='bbox 643 3049 678 3113; x_wconf 86' lang='lat' dir='ltr'><strong>at</strong></span> <span class='ocrx_word' id='word_1_163' title='bbox 703 3049 867 3138; x_wconf 85' lang='lat' dir='ltr'><strong>speratam</strong></span> <span class='ocrx_word' id='word_1_164' title='bbox 892 3021 999 3116; x_wconf 80' lang='lat' dir='ltr'><strong>tannen</strong></span> <span class='ocrx_word' id='word_1_165' title='bbox 1018 3041 1166 3112; x_wconf 78' lang='lat' dir='ltr'><strong>labere·</strong></span> <span class='ocrx_word' id='word_1_166' title='bbox 1202 3039 1258 3110; x_wconf 89' lang='lat' dir='ltr'><strong>Ibi</strong></span> 
     </span>
    </p>
   </div>
   <div class='ocr_carea' id='block_1_3' title="bbox 138 3165 1399 3264">
    <p class='ocr_par' dir='ltr' id='par_1_4' title="bbox 138 3165 1399 3264">
     <span class='ocr_line' id='line_1_23' title="bbox 138 3165 1399 3264; baseline -0.003 -24"><span class='ocrx_word' id='word_1_167' title='bbox 138 3166 228 3240; x_wconf 88' lang='lat' dir='ltr'><strong>Creo</strong></span> <span class='ocrx_word' id='word_1_168' title='bbox 261 3175 398 3264; x_wconf 78' lang='lat' dir='ltr'><strong>repente</strong></span> <span class='ocrx_word' id='word_1_169' title='bbox 438 3176 582 3238; x_wconf 88' lang='lat' dir='ltr'><strong>mutatus</strong></span> <span class='ocrx_word' id='word_1_170' title='bbox 620 3175 721 3262; x_wconf 84' lang='lat' dir='ltr'><strong>negat</strong></span> <span class='ocrx_word' id='word_1_171' title='bbox 753 3191 789 3238; x_wconf 90' lang='lat' dir='ltr'><strong>se</strong></span> <span class='ocrx_word' id='word_1_172' title='bbox 822 3167 927 3236; x_wconf 87' lang='lat' dir='ltr'><strong>lilium</strong></span> <span class='ocrx_word' id='word_1_173' title='bbox 963 3167 1062 3238; x_wconf 80' lang='lat' dir='ltr'><strong>morti</strong></span> <span class='ocrx_word' id='word_1_174' title='bbox 1095 3165 1258 3238; x_wconf 81' lang='lat' dir='ltr'><strong>daturum.</strong></span> <span class='ocrx_word' id='word_1_175' title='bbox 1398 3202 1399 3205; x_wconf 36' lang='lat'>¹</span> 
     </span>
    </p>
   </div>
   <div class='ocr_carea' id='block_1_4' title="bbox 137 3291 1260 3770">
    <p class='ocr_par' dir='ltr' id='par_1_5' title="bbox 137 3291 1260 3770">
     <span class='ocr_line' id='line_1_24' title="bbox 137 3291 1259 3390; baseline -0.004 -24"><span class='ocrx_word' id='word_1_176' title='bbox 137 3293 258 3390; x_wconf 84' lang='lat' dir='ltr'><strong>Ifaque</strong></span> <span class='ocrx_word' id='word_1_177' title='bbox 293 3295 432 3368; x_wconf 88' lang='lat' dir='ltr'><strong>simulac</strong></span> <span class='ocrx_word' id='word_1_178' title='bbox 465 3293 619 3365; x_wconf 84' lang='lat' dir='ltr'><strong>Tiresias</strong></span> <span class='ocrx_word' id='word_1_179' title='bbox 654 3292 748 3383; x_wconf 86' lang='lat' dir='ltr'><strong>abiit,</strong></span> <span class='ocrx_word' id='word_1_180' title='bbox 787 3291 879 3363; x_wconf 87' lang='lat' dir='ltr'><strong>iulet</strong></span> <span class='ocrx_word' id='word_1_181' title='bbox 909 3291 1129 3364; x_wconf 88' lang='lat' dir='ltr'><strong>Menoecenm</strong></span> <span class='ocrx_word' id='word_1_182' title='bbox 1163 3315 1259 3388; x_wconf 90' lang='lat' dir='ltr'><strong>qnam</strong></span> 
     </span>
     <span class='ocr_line' id='line_1_25' title="bbox 139 3417 1259 3517; baseline 0 -25"><span class='ocrx_word' id='word_1_183' title='bbox 139 3421 300 3493; x_wconf 81' lang='lat' dir='ltr'><strong>citissime</strong></span> <span class='ocrx_word' id='word_1_184' title='bbox 325 3419 501 3492; x_wconf 89' lang='lat' dir='ltr'><strong>Dodonam</strong></span> <span class='ocrx_word' id='word_1_185' title='bbox 527 3428 654 3517; x_wconf 84' lang='lat' dir='ltr'><strong>petere.</strong></span> <span class='ocrx_word' id='word_1_186' title='bbox 699 3417 737 3491; x_wconf 91' lang='lat' dir='ltr'><strong>Is</strong></span> <span class='ocrx_word' id='word_1_187' title='bbox 763 3443 799 3491; x_wconf 88' lang='lat' dir='ltr'><strong>se</strong></span> <span class='ocrx_word' id='word_1_188' title='bbox 825 3427 975 3515; x_wconf 79' lang='lat' dir='ltr'><strong>paratum</strong></span> <span class='ocrx_word' id='word_1_189' title='bbox 1002 3443 1076 3492; x_wconf 90' lang='lat' dir='ltr'><strong>esse</strong></span> <span class='ocrx_word' id='word_1_190' title='bbox 1101 3419 1259 3492; x_wconf 86' lang='lat' dir='ltr'><strong>simulans</strong></span> 
     </span>
     <span class='ocr_line' id='line_1_26' title="bbox 138 3546 1260 3644; baseline -0.001 -26"><span class='ocrx_word' id='word_1_191' title='bbox 138 3555 238 3644; x_wconf 80' lang='lat' dir='ltr'><strong>urget</strong></span> <span class='ocrx_word' id='word_1_192' title='bbox 262 3555 389 3644; x_wconf 82' lang='lat' dir='ltr'><strong>patrem</strong></span> <span class='ocrx_word' id='word_1_193' title='bbox 414 3555 452 3618; x_wconf 87' lang='lat' dir='ltr'><strong>ut</strong></span> <span class='ocrx_word' id='word_1_194' title='bbox 477 3547 573 3618; x_wconf 86' lang='lat' dir='ltr'><strong>abeat</strong></span> <span class='ocrx_word' id='word_1_195' title='bbox 597 3571 660 3619; x_wconf 90' lang='lat' dir='ltr'><strong>nee</strong></span> <span class='ocrx_word' id='word_1_196' title='bbox 685 3571 721 3619; x_wconf 91' lang='lat' dir='ltr'><strong>se</strong></span> <span class='ocrx_word' id='word_1_197' title='bbox 747 3553 906 3638; x_wconf 87' lang='lat' dir='ltr'><strong>moretur,</strong></span> <span class='ocrx_word' id='word_1_198' title='bbox 932 3547 1054 3644; x_wconf 84' lang='lat' dir='ltr'><strong>qnippe</strong></span> <span class='ocrx_word' id='word_1_199' title='bbox 1078 3546 1260 3619; x_wconf 81' lang='lat' dir='ltr'><strong>valedicto.</strong></span> 
     </span>
     <span class='ocr_line' id='line_1_27' title="bbox 139 3672 1258 3770; baseline -0.004 -22"><span class='ocrx_word' id='word_1_200' title='bbox 139 3699 214 3748; x_wconf 89' lang='lat' dir='ltr'><strong>rum</strong></span> <span class='ocrx_word' id='word_1_201' title='bbox 238 3673 405 3765; x_wconf 89' lang='lat' dir='ltr'><strong>locastae,</strong></span> <span class='ocrx_word' id='word_1_202' title='bbox 433 3697 517 3769; x_wconf 92' lang='lat' dir='ltr'><strong>quae</strong></span> <span class='ocrx_word' id='word_1_203' title='bbox 542 3673 607 3746; x_wconf 87' lang='lat' dir='ltr'><strong>sibi</strong></span> <span class='ocrx_word' id='word_1_204' title='bbox 631 3697 735 3770; x_wconf 85' lang='lat' dir='ltr'><strong>puero</strong></span> <span class='ocrx_word' id='word_1_205' title='bbox 762 3697 932 3748; x_wconf 86' lang='lat' dir='ltr'><strong>mammem</strong></span> <span class='ocrx_word' id='word_1_206' title='bbox 957 3673 1159 3769; x_wconf 78' lang='lat' dir='ltr'><strong>praebuerit.</strong></span> <span class='ocrx_word' id='word_1_207' title='bbox 1185 3672 1258 3744; x_wconf 89' lang='lat' dir='ltr'><strong>Has</strong></span> 
     </span>
    </p>
   </div>
   <div class='ocr_carea' id='block_1_5' title="bbox 138 3790 1382 3896">
    <p class='ocr_par' dir='ltr' id='par_1_6' title="bbox 138 3790 1382 3896">
     <span class='ocr_line' id='line_1_28' title="bbox 138 3790 1382 3896; baseline -0.005 -24"><span class='ocrx_word' id='word_1_208' title='bbox 138 3801 307 3872; x_wconf 87' lang='lat' dir='ltr'><strong>machinas</strong></span> <span class='ocrx_word' id='word_1_209' title='bbox 340 3800 549 3896; x_wconf 82' lang='lat' dir='ltr'><strong>excogitauit</strong></span> <span class='ocrx_word' id='word_1_210' title='bbox 580 3798 775 3896; x_wconf 85' lang='lat' dir='ltr'><strong>Euripides,</strong></span> <span class='ocrx_word' id='word_1_211' title='bbox 809 3807 846 3870; x_wconf 90' lang='lat' dir='ltr'><strong>nt</strong></span> <span class='ocrx_word' id='word_1_212' title='bbox 879 3823 921 3869; x_wconf 90' lang='lat' dir='ltr'><strong>ne</strong></span> <span class='ocrx_word' id='word_1_213' title='bbox 953 3790 1151 3869; x_wconf 88' lang='lat' dir='ltr'><strong>mirarentur</strong></span> <span class='ocrx_word' id='word_1_214' title='bbox 1183 3821 1262 3893; x_wconf 85' lang='lat' dir='ltr'><strong>spe·-</strong></span> <span class='ocrx_word' id='word_1_215' title='bbox 1373 3801 1382 3814; x_wconf 85' lang='grc'><em>’</em></span> 
     </span>
    </p>
   </div>
   <div class='ocr_carea' id='block_1_6' title="bbox 123 3908 1264 4526">
    <p class='ocr_par' dir='ltr' id='par_1_7' title="bbox 140 3908 1263 4275">
     <span class='ocr_line' id='line_1_29' title="bbox 140 3908 1263 4022; baseline -0.004 -26"><span class='ocrx_word' id='word_1_216' title='bbox 140 3931 300 4014; x_wconf 78' lang='lat' dir='ltr'><strong>oratores,</strong></span> <span class='ocrx_word' id='word_1_217' title='bbox 325 3927 354 3996; x_wconf 88' lang='lat' dir='ltr'><strong>si</strong></span> <span class='ocrx_word' id='word_1_218' title='bbox 373 3908 579 4022; x_wconf 41' lang='lat' dir='ltr'><strong>paullo&#39;post</strong></span> <span class='ocrx_word' id='word_1_219' title='bbox 593 3935 703 3998; x_wconf 87' lang='lat' dir='ltr'><strong>notam</strong></span> <span class='ocrx_word' id='word_1_220' title='bbox 718 3948 792 3995; x_wconf 89' lang='lat' dir='ltr'><strong>esse</strong></span> <span class='ocrx_word' id='word_1_221' title='bbox 806 3923 960 3996; x_wconf 88' lang='lat' dir='ltr'><strong>locastae</strong></span> <span class='ocrx_word' id='word_1_222' title='bbox 976 3921 1154 3993; x_wconf 88' lang='lat' dir='ltr'><strong>Menoecei</strong></span> <span class='ocrx_word' id='word_1_223' title='bbox 1172 3946 1263 3993; x_wconf 87' lang='lat' dir='ltr'><strong>mor-</strong></span> 
     </span>
     <span class='ocr_line' id='line_1_30' title="bbox 142 4047 1261 4142; baseline -0.004 -20"><span class='ocrx_word' id='word_1_224' title='bbox 142 4057 210 4122; x_wconf 85' lang='lat' dir='ltr'><strong>tem</strong></span> <span class='ocrx_word' id='word_1_225' title='bbox 237 4047 399 4120; x_wconf 83' lang='lat' dir='ltr'><strong>uiderent.</strong></span> <span class='ocrx_word' id='word_1_226' title='bbox 457 4049 525 4120; x_wconf 87' lang='lat' dir='ltr'><strong>Ubi</strong></span> <span class='ocrx_word' id='word_1_227' title='bbox 559 4048 640 4120; x_wconf 83' lang='lat' dir='ltr'><strong>abiit</strong></span> <span class='ocrx_word' id='word_1_228' title='bbox 666 4047 776 4140; x_wconf 89' lang='lat' dir='ltr'><strong>Creo,</strong></span> <span class='ocrx_word' id='word_1_229' title='bbox 795 4048 999 4120; x_wconf 89' lang='lat' dir='ltr'><strong>Menoeceus</strong></span> <span class='ocrx_word' id='word_1_230' title='bbox 1026 4047 1134 4142; x_wconf 82' lang='lat' dir='ltr'><strong>aperit</strong></span> <span class='ocrx_word' id='word_1_231' title='bbox 1159 4047 1261 4120; x_wconf 87' lang='lat' dir='ltr'><strong>clero</strong></span> 
     </span>
     <span class='ocr_line' id='line_1_31' title="bbox 141 4161 571 4275; baseline -0.014 -27"><span class='ocrx_word' id='word_1_232' title='bbox 141 4175 220 4275; x_wconf 94' lang='lat' dir='ltr'><strong>qnid</strong></span> <span class='ocrx_word' id='word_1_233' title='bbox 247 4175 292 4247; x_wconf 90' lang='lat' dir='ltr'><strong>sit</strong></span> <span class='ocrx_word' id='word_1_234' title='bbox 316 4173 476 4246; x_wconf 83' lang='lat' dir='ltr'><strong>facturus.</strong></span> <span class='ocrx_word' id='word_1_235' title='bbox 569 4161 571 4165; x_wconf 39' lang='lat'>¹</span> 
     </span>
    </p>

    <p class='ocr_par' dir='ltr' id='par_1_8' title="bbox 123 4295 1264 4526">
     <span class='ocr_line' id='line_1_32' title="bbox 123 4295 1263 4396; baseline -0.004 -20"><span class='ocrx_word' id='word_1_236' title='bbox 123 4363 130 4376; x_wconf 90' lang='lat'><strong>.</strong></span> <span class='ocrx_word' id='word_1_237' title='bbox 243 4301 339 4382; x_wconf 87' lang='lat' dir='ltr'><strong>Turn</strong></span> <span class='ocrx_word' id='word_1_238' title='bbox 369 4299 512 4390; x_wconf 84' lang='lat' dir='ltr'><strong>chorus,</strong></span> <span class='ocrx_word' id='word_1_239' title='bbox 546 4299 650 4386; x_wconf 90' lang='lat' dir='ltr'><strong>multa</strong></span> <span class='ocrx_word' id='word_1_240' title='bbox 683 4298 723 4371; x_wconf 91' lang='lat' dir='ltr'><strong>de</strong></span> <span class='ocrx_word' id='word_1_241' title='bbox 750 4295 902 4394; x_wconf 83' lang='lat' dir='ltr'><strong>Sphinge</strong></span> <span class='ocrx_word' id='word_1_242' title='bbox 928 4297 1110 4396; x_wconf 84' lang='lat' dir='ltr'><strong>praelatus,</strong></span> <span class='ocrx_word' id='word_1_243' title='bbox 1137 4300 1172 4369; x_wconf 91' lang='lat' dir='ltr'><strong>in</strong></span> <span class='ocrx_word' id='word_1_244' title='bbox 1197 4297 1263 4372; x_wconf 85' lang='lat' dir='ltr'><strong>line</strong></span> 
     </span>
     <span class='ocr_line' id='line_1_33' title="bbox 141 4405 1264 4526; baseline -0.005 -22"><span class='ocrx_word' id='word_1_245' title='bbox 141 4431 311 4524; x_wconf 88' lang='lat' dir='ltr'><strong>carminis,</strong></span> <span class='ocrx_word' id='word_1_246' title='bbox 339 4426 426 4526; x_wconf 91' lang='lat' dir='ltr'><strong>qnod</strong></span> <span class='ocrx_word' id='word_1_247' title='bbox 453 4426 565 4500; x_wconf 87' lang='lat' dir='ltr'><strong>statim</strong></span> <span class='ocrx_word' id='word_1_248' title='bbox 591 4449 664 4498; x_wconf 92' lang='lat' dir='ltr'><strong>enm</strong></span> <span class='ocrx_word' id='word_1_249' title='bbox 691 4425 853 4500; x_wconf 84' lang='lat' dir='ltr'><strong>iacturum</strong></span> <span class='ocrx_word' id='word_1_250' title='bbox 885 4405 1154 4523; x_wconf 67' lang='lat' dir='ltr'><strong>exsqeetalatnr,</strong></span> <span class='ocrx_word' id='word_1_251' title='bbox 1179 4451 1264 4523; x_wconf 85' lang='lat' dir='ltr'><strong>pan-</strong></span> 
     </span>
    </p>
   </div>
   <div class='ocr_carea' id='block_1_7' title="bbox 0 0 1532 5134">
    <p class='ocr_par' dir='ltr' id='par_1_9' title="bbox 0 0 1532 5134">
     <span class='ocr_line' id='line_1_34' title="bbox 0 0 1532 5134; baseline 0 0"><span class='ocrx_word' id='word_1_252' title='bbox 0 0 1532 5134; x_wconf 95' lang='lat' dir='ltr'><strong> </strong></span> 
     </span>
    </p>
   </div>
  </div>
 </body>
</html>
