<?xml version="1.0" encoding="UTF-8"?>
<!DOCTYPE html PUBLIC "-//W3C//DTD XHTML 1.0 Transitional//EN"
    "http://www.w3.org/TR/xhtml1/DTD/xhtml1-transitional.dtd">
<html xmlns="http://www.w3.org/1999/xhtml" xml:lang="en" lang="en">
 <head>
  <title>
</title>
<meta http-equiv="Content-Type" content="text/html;charset=utf-8" />
  <meta name='ocr-system' content='tesseract 3.04.00' />
  <meta name='ocr-capabilities' content='ocr_page ocr_carea ocr_par ocr_line ocrx_word'/>
</head>
<body>
  <div class='ocr_page' id='page_1' title='image "./euripidistragoe09eurigoog/euripidistragoe09eurigoog_0055.png"; bbox 0 0 2974 5138; ppageno 0'>
   <div class='ocr_carea' id='block_1_1' title="bbox 807 312 857 385">
    <p class='ocr_par' dir='ltr' id='par_1_1' title="bbox 807 312 857 385">
     <span class='ocr_line' id='line_1_1' title="bbox 807 312 857 385; baseline 0.06 -3"><span class='ocrx_word' id='word_1_1' title='bbox 807 312 857 385; x_wconf 80' lang='grc'><strong><em>28</em></strong></span> 
     </span>
    </p>
   </div>
   <div class='ocr_carea' id='block_1_2' title="bbox 206 485 1204 1341">
    <p class='ocr_par' dir='ltr' id='par_1_2' title="bbox 206 485 1204 1341">
     <span class='ocr_line' id='line_1_2' title="bbox 208 485 1098 599; baseline 0.002 -35"><span class='ocrx_word' id='word_1_2' title='bbox 208 491 375 599; x_wconf 71' lang='grc' dir='ltr'><strong><em>265γυνὴ</em></strong></span> <span class='ocrx_word' id='word_1_3' title='bbox 399 492 472 597; x_wconf 70' lang='grc' dir='ltr'><strong>γὰρ</strong></span> <span class='ocrx_word' id='word_1_4' title='bbox 497 492 590 568; x_wconf 83' lang='grc' dir='ltr'>οὔθ’</span> <span class='ocrx_word' id='word_1_5' title='bbox 612 491 771 588; x_wconf 81' lang='grc' dir='ltr'><strong><em>Ἑλληνὶς</em></strong></span> <span class='ocrx_word' id='word_1_6' title='bbox 794 492 879 568; x_wconf 78' lang='grc' dir='ltr'><em>οὔτε</em></span> <span class='ocrx_word' id='word_1_7' title='bbox 902 485 1098 591; x_wconf 81' lang='grc' dir='ltr'><strong><em>βάρβαρος</em></strong></span> 
     </span>
     <span class='ocr_line' id='line_1_3' title="bbox 276 609 1045 715; baseline -0.005 -21"><span class='ocrx_word' id='word_1_8' title='bbox 276 625 407 715; x_wconf 80' lang='grc' dir='ltr'><em>τεῦχος</em></span> <span class='ocrx_word' id='word_1_9' title='bbox 431 625 598 695; x_wconf 78' lang='grc' dir='ltr'><strong><em>νεοσσῶν</em></strong></span> <span class='ocrx_word' id='word_1_10' title='bbox 621 615 757 694; x_wconf 79' lang='grc' dir='ltr'><strong><em>λευκὸν</em></strong></span> <span class='ocrx_word' id='word_1_11' title='bbox 780 613 1020 712; x_wconf 76' lang='grc' dir='ltr'><strong><em>ἐκλοχεύεται,</em></strong></span> <span class='ocrx_word' id='word_1_12' title='bbox 1042 609 1045 616; x_wconf 57' lang='grc'>’</span> 
     </span>
     <span class='ocr_line' id='line_1_4' title="bbox 276 739 1073 847; baseline -0.005 -27"><span class='ocrx_word' id='word_1_13' title='bbox 276 748 318 822; x_wconf 77' lang='grc' dir='ltr'><strong>ἐν</strong></span> <span class='ocrx_word' id='word_1_14' title='bbox 342 741 374 847; x_wconf 83' lang='grc' dir='ltr'><em>ᾧ</em></span> <span class='ocrx_word' id='word_1_15' title='bbox 394 773 441 843; x_wconf 77' lang='grc' dir='ltr'><strong>με</strong></span> <span class='ocrx_word' id='word_1_16' title='bbox 465 739 603 839; x_wconf 72' lang='grc' dir='ltr'><strong><em>Λήδαν</em></strong></span> <span class='ocrx_word' id='word_1_17' title='bbox 621 741 738 842; x_wconf 85' lang='grc' dir='ltr'><strong><em>φασὶν</em></strong></span> <span class='ocrx_word' id='word_1_18' title='bbox 764 745 804 817; x_wconf 77' lang='grc' dir='ltr'><strong>ἐκ</strong></span> <span class='ocrx_word' id='word_1_19' title='bbox 830 739 919 824; x_wconf 84' lang='grc' dir='ltr'><strong><em>Διὸς</em></strong></span> <span class='ocrx_word' id='word_1_20' title='bbox 942 746 1073 818; x_wconf 80' lang='grc' dir='ltr'><strong><em>τεκεῖν.</em></strong></span> 
     </span>
     <span class='ocr_line' id='line_1_5' title="bbox 274 859 1204 972; baseline -0.005 -28"><span class='ocrx_word' id='word_1_21' title='bbox 274 870 384 967; x_wconf 80' lang='grc' dir='ltr'><strong><em>τέρας</em></strong></span> <span class='ocrx_word' id='word_1_22' title='bbox 406 868 480 972; x_wconf 72' lang='grc' dir='ltr'><strong>γάρ</strong></span> <span class='ocrx_word' id='word_1_23' title='bbox 507 867 527 943; x_wconf 84' lang='grc' dir='ltr'><em>ὃ</em></span> <span class='ocrx_word' id='word_1_24' title='bbox 552 867 635 966; x_wconf 81' lang='grc' dir='ltr'><strong><em>βίος</em></strong></span> <span class='ocrx_word' id='word_1_25' title='bbox 655 867 720 943; x_wconf 84' lang='grc' dir='ltr'><strong>καὶ</strong></span> <span class='ocrx_word' id='word_1_26' title='bbox 738 865 786 941; x_wconf 84' lang='grc' dir='ltr'><strong>τά</strong></span> <span class='ocrx_word' id='word_1_27' title='bbox 812 862 1004 970; x_wconf 69' lang='grc' dir='ltr'><strong><em>πράγματ’</em></strong></span> <span class='ocrx_word' id='word_1_28' title='bbox 1026 859 1103 941; x_wconf 69' lang='grc' dir='ltr'><strong><em>ἐστι’</em></strong></span> <span class='ocrx_word' id='word_1_29' title='bbox 1127 893 1204 962; x_wconf 84' lang='grc' dir='ltr'><strong><em>μοι,</em></strong></span> 
     </span>
     <span class='ocr_line' id='line_1_6' title="bbox 275 987 1176 1093; baseline -0.004 -24"><span class='ocrx_word' id='word_1_30' title='bbox 275 993 323 1069; x_wconf 84' lang='grc' dir='ltr'><strong>τὰ</strong></span> <span class='ocrx_word' id='word_1_31' title='bbox 347 991 418 1090; x_wconf 79' lang='grc' dir='ltr'><strong>μὲν</strong></span> <span class='ocrx_word' id='word_1_32' title='bbox 443 992 496 1070; x_wconf 76' lang='grc' dir='ltr'><strong>δι’</strong></span> <span class='ocrx_word' id='word_1_33' title='bbox 514 992 656 1093; x_wconf 86' lang='grc' dir='ltr'><strong><em>Ἥραν,</em></strong></span> <span class='ocrx_word' id='word_1_34' title='bbox 680 991 728 1067; x_wconf 81' lang='grc' dir='ltr'><strong>τὰ</strong></span> <span class='ocrx_word' id='word_1_35' title='bbox 754 990 796 1067; x_wconf 77' lang='grc' dir='ltr'><strong>δὲ</strong></span> <span class='ocrx_word' id='word_1_36' title='bbox 820 991 863 1067; x_wconf 86' lang='grc' dir='ltr'><strong>τὸ</strong></span> <span class='ocrx_word' id='word_1_37' title='bbox 888 987 1021 1075; x_wconf 81' lang='grc' dir='ltr'><strong><em>κάλλος</em></strong></span> <span class='ocrx_word' id='word_1_38' title='bbox 1046 995 1176 1065; x_wconf 80' lang='grc' dir='ltr'><strong><em>αἴτιον.</em></strong></span> 
     </span>
     <span class='ocr_line' id='line_1_7' title="bbox 206 1105 1170 1220; baseline 0.001 -32"><span class='ocrx_word' id='word_1_39' title='bbox 206 1119 352 1193; x_wconf 73' lang='grc' dir='ltr'><strong><em>27οεἴθ’</em></strong></span> <span class='ocrx_word' id='word_1_40' title='bbox 374 1118 636 1217; x_wconf 59' lang='grc' dir='ltr'><strong>ἐξαλιιφθεῒθ,</strong></span> <span class='ocrx_word' id='word_1_41' title='bbox 662 1117 713 1202; x_wconf 77' lang='grc' dir='ltr'><strong>ὥς</strong></span> <span class='ocrx_word' id='word_1_42' title='bbox 738 1115 892 1220; x_wconf 72' lang='grc' dir='ltr'><strong>ἄγαλμ’,</strong></span> <span class='ocrx_word' id='word_1_43' title='bbox 920 1113 1034 1199; x_wconf 81' lang='grc' dir='ltr'><strong><em>αὖθις</em></strong></span> <span class='ocrx_word' id='word_1_44' title='bbox 1058 1105 1170 1190; x_wconf 82' lang='grc' dir='ltr'><strong><em>πάλιν</em></strong></span> 
     </span>
     <span class='ocr_line' id='line_1_8' title="bbox 274 1238 1053 1341; baseline -0.001 -23"><span class='ocrx_word' id='word_1_45' title='bbox 274 1247 421 1340; x_wconf 83' lang='grc' dir='ltr'><strong><em>αἴσχιον</em></strong></span> <span class='ocrx_word' id='word_1_46' title='bbox 445 1240 543 1327; x_wconf 76' lang='grc' dir='ltr'><strong><em>εἶδος</em></strong></span> <span class='ocrx_word' id='word_1_47' title='bbox 568 1241 653 1320; x_wconf 78' lang='grc' dir='ltr'><strong>ἀντὶ</strong></span> <span class='ocrx_word' id='word_1_48' title='bbox 675 1248 746 1319; x_wconf 81' lang='grc' dir='ltr'><strong>τοῦ</strong></span> <span class='ocrx_word' id='word_1_49' title='bbox 768 1249 885 1317; x_wconf 80' lang='grc' dir='ltr'><strong><em>καλοῦ</em></strong></span> <span class='ocrx_word' id='word_1_50' title='bbox 908 1238 1053 1341; x_wconf 77' lang='grc' dir='ltr'><strong><em>λάβοιν,</em></strong></span> 
     </span>
    </p>
   </div>
   <div class='ocr_carea' id='block_1_3' title="bbox 268 1553 1482 2661">
    <p class='ocr_par' dir='ltr' id='par_1_3' title="bbox 271 1553 1482 1977">
     <span class='ocr_line' id='line_1_9' title="bbox 354 1553 1482 1643; baseline -0.015 -19"><span class='ocrx_word' id='word_1_51' title='bbox 354 1561 395 1623; x_wconf 85' lang='lat' dir='ltr'><strong>V·</strong></span> <span class='ocrx_word' id='word_1_52' title='bbox 418 1570 492 1624; x_wconf 86' lang='grc'><strong><em>270.</em></strong></span> <span class='ocrx_word' id='word_1_53' title='bbox 535 1561 630 1621; x_wconf 82' lang='lat' dir='ltr'><strong>Etiam</strong></span> <span class='ocrx_word' id='word_1_54' title='bbox 651 1560 687 1621; x_wconf 90' lang='lat' dir='ltr'><strong>de</strong></span> <span class='ocrx_word' id='word_1_55' title='bbox 707 1563 818 1640; x_wconf 84' lang='lat' dir='ltr'><strong>pictura</strong></span> <span class='ocrx_word' id='word_1_56' title='bbox 835 1558 890 1620; x_wconf 81' lang='lat' dir='ltr'><strong>diei</strong></span> <span class='ocrx_word' id='word_1_57' title='bbox 912 1558 1028 1643; x_wconf 78' lang='grc' dir='ltr'><strong><em>άγαλμα</em></strong></span> <span class='ocrx_word' id='word_1_58' title='bbox 1049 1556 1152 1617; x_wconf 89' lang='lat' dir='ltr'><strong>Suidas</strong></span> <span class='ocrx_word' id='word_1_59' title='bbox 1171 1565 1201 1615; x_wconf 84' lang='lat' dir='ltr'><strong>et</strong></span> <span class='ocrx_word' id='word_1_60' title='bbox 1218 1553 1378 1635; x_wconf 87' lang='lat' dir='ltr'><strong>grammati·</strong></span> <span class='ocrx_word' id='word_1_61' title='bbox 1480 1593 1482 1638; x_wconf 68' lang='lat'><em>3</em></span> 
     </span>
     <span class='ocr_line' id='line_1_10' title="bbox 272 1639 1482 1744; baseline 0.004 -40"><span class='ocrx_word' id='word_1_62' title='bbox 272 1660 323 1704; x_wconf 82' lang='lat' dir='ltr'><strong>ens</strong></span> <span class='ocrx_word' id='word_1_63' title='bbox 338 1644 367 1704; x_wconf 91' lang='lat' dir='ltr'><strong>in</strong></span> <span class='ocrx_word' id='word_1_64' title='bbox 385 1645 514 1706; x_wconf 81' lang='lat' dir='ltr'><strong>Bekk&#39;eri</strong></span> <span class='ocrx_word' id='word_1_65' title='bbox 527 1643 640 1706; x_wconf 85' lang='lat' dir='ltr'><strong>Auecd.</strong></span> <span class='ocrx_word' id='word_1_66' title='bbox 658 1667 687 1726; x_wconf 94' lang='lat' dir='ltr'><strong>p.</strong></span> <span class='ocrx_word' id='word_1_67' title='bbox 700 1653 773 1717; x_wconf 86' lang='grc'><strong><em>324,</em></strong></span> <span class='ocrx_word' id='word_1_68' title='bbox 787 1653 818 1707; x_wconf 86' lang='grc'><strong>4.</strong></span> <span class='ocrx_word' id='word_1_69' title='bbox 835 1651 910 1718; x_wconf 84' lang='grc'><strong><em>334,</em></strong></span> <span class='ocrx_word' id='word_1_70' title='bbox 933 1653 982 1707; x_wconf 85' lang='grc'><strong>18.</strong></span> <span class='ocrx_word' id='word_1_71' title='bbox 1004 1654 1088 1721; x_wconf 90' lang='lat' dir='ltr'><strong>atque</strong></span> <span class='ocrx_word' id='word_1_72' title='bbox 1107 1639 1209 1698; x_wconf 79' lang='lat' dir='ltr'><strong>ibidem</strong></span> <span class='ocrx_word' id='word_1_73' title='bbox 1227 1659 1256 1744; x_wconf 89' lang='lat' dir='ltr'><strong>p</strong></span> <span class='ocrx_word' id='word_1_74' title='bbox 1275 1646 1328 1708; x_wconf 70' lang='lat'><strong>82,</strong></span> <span class='ocrx_word' id='word_1_75' title='bbox 1344 1644 1375 1697; x_wconf 82' lang='lat'><strong>9·</strong></span> <span class='ocrx_word' id='word_1_76' title='bbox 1481 1718 1482 1728; x_wconf 19' lang='lat' dir='ltr'><strong>p</strong></span> 
     </span>
     <span class='ocr_line' id='line_1_11' title="bbox 272 1717 1379 1812; baseline -0.008 -24"><span class='ocrx_word' id='word_1_77' title='bbox 272 1728 468 1790; x_wconf 84' lang='lat' dir='ltr'><strong>Antiattiuista</strong></span> <span class='ocrx_word' id='word_1_78' title='bbox 479 1727 524 1788; x_wconf 83' lang='lat' dir='ltr'><strong>his</strong></span> <span class='ocrx_word' id='word_1_79' title='bbox 535 1729 631 1789; x_wconf 89' lang='lat' dir='ltr'><strong>verbis</strong></span> <span class='ocrx_word' id='word_1_80' title='bbox 646 1741 782 1790; x_wconf 85' lang='lat' dir='ltr'><strong>testatur:</strong></span> <span class='ocrx_word' id='word_1_81' title='bbox 804 1729 921 1812; x_wconf 79' lang='grc' dir='ltr'><strong><em>άριιλρα</em></strong></span> <span class='ocrx_word' id='word_1_82' title='bbox 942 1726 992 1790; x_wconf 78' lang='grc' dir='ltr'><strong>καὶ</strong></span> <span class='ocrx_word' id='word_1_83' title='bbox 1013 1717 1135 1807; x_wconf 78' lang='grc' dir='ltr'><strong><em>γραφὴν</em></strong></span> <span class='ocrx_word' id='word_1_84' title='bbox 1149 1721 1199 1784; x_wconf 84' lang='grc' dir='ltr'><strong>καὶ</strong></span> <span class='ocrx_word' id='word_1_85' title='bbox 1215 1718 1379 1796; x_wconf 78' lang='grc' dir='ltr'><strong><em>ανβριάντα</em></strong></span> 
     </span>
     <span class='ocr_line' id='line_1_12' title="bbox 271 1803 1482 1897; baseline -0.01 -24"><span class='ocrx_word' id='word_1_86' title='bbox 271 1808 456 1891; x_wconf 81' lang='grc' dir='ltr'><strong><em>άδιαφόρως.</em></strong></span> <span class='ocrx_word' id='word_1_87' title='bbox 499 1808 679 1893; x_wconf 75' lang='grc' dir='ltr'><strong><em>Ἀντιφάνης</em></strong></span> <span class='ocrx_word' id='word_1_88' title='bbox 700 1809 869 1897; x_wconf 81' lang='grc' dir='ltr'><strong><em>Ζωγράφῳ.</em></strong></span> <span class='ocrx_word' id='word_1_89' title='bbox 913 1807 1091 1873; x_wconf 87' lang='lat' dir='ltr'><strong>Boissouado</strong></span> <span class='ocrx_word' id='word_1_90' title='bbox 1104 1804 1257 1888; x_wconf 81' lang='lat' dir='ltr'>Euripides</span> <span class='ocrx_word' id='word_1_91' title='bbox 1272 1803 1307 1864; x_wconf 90' lang='lat' dir='ltr'><strong>de</strong></span> <span class='ocrx_word' id='word_1_92' title='bbox 1321 1815 1379 1863; x_wconf 90' lang='lat' dir='ltr'><strong>sta·</strong></span> <span class='ocrx_word' id='word_1_93' title='bbox 1481 1871 1482 1878; x_wconf 14' lang='grc' dir='ltr'><strong><em>ρ</em></strong></span> 
     </span>
     <span class='ocr_line' id='line_1_13' title="bbox 271 1896 613 1977; baseline 0.006 -21"><span class='ocrx_word' id='word_1_94' title='bbox 271 1907 320 1957; x_wconf 83' lang='lat' dir='ltr'><strong>tue</strong></span> <span class='ocrx_word' id='word_1_95' title='bbox 337 1898 413 1977; x_wconf 81' lang='lat' dir='ltr'><strong>pinta</strong></span> <span class='ocrx_word' id='word_1_96' title='bbox 430 1896 506 1975; x_wconf 88' lang='lat' dir='ltr'><strong>loqui</strong></span> <span class='ocrx_word' id='word_1_97' title='bbox 524 1897 613 1958; x_wconf 84' lang='lat' dir='ltr'><strong>visus.</strong></span> 
     </span>
    </p>

    <p class='ocr_par' dir='ltr' id='par_1_4' title="bbox 268 1988 1482 2661">
     <span class='ocr_line' id='line_1_14' title="bbox 353 1988 1377 2072; baseline -0.009 -16"><span class='ocrx_word' id='word_1_98' title='bbox 353 1995 394 2056; x_wconf 85' lang='lat' dir='ltr'><strong>V.</strong></span> <span class='ocrx_word' id='word_1_99' title='bbox 417 2003 492 2057; x_wconf 89' lang='grc'><strong><em>271.</em></strong></span> <span class='ocrx_word' id='word_1_100' title='bbox 536 1993 612 2054; x_wconf 84' lang='lat' dir='ltr'><strong>Edd.</strong></span> <span class='ocrx_word' id='word_1_101' title='bbox 629 2005 698 2055; x_wconf 51' lang='lat' dir='ltr'><strong>trett.</strong></span> <span class='ocrx_word' id='word_1_102' title='bbox 716 1989 808 2072; x_wconf 74' lang='grc' dir='ltr'><strong><em>λάβω.</em></strong></span> <span class='ocrx_word' id='word_1_103' title='bbox 838 1993 906 2054; x_wconf 86' lang='lat' dir='ltr'><strong>Par.</strong></span> <span class='ocrx_word' id='word_1_104' title='bbox 921 1994 961 2053; x_wconf 90' lang='lat' dir='ltr'><strong>E.</strong></span> <span class='ocrx_word' id='word_1_105' title='bbox 976 1993 1014 2052; x_wconf 87' lang='lat' dir='ltr'><strong>G.</strong></span> <span class='ocrx_word' id='word_1_106' title='bbox 1027 1991 1108 2053; x_wconf 83' lang='lat' dir='ltr'><strong>Flor.</strong></span> <span class='ocrx_word' id='word_1_107' title='bbox 1129 2000 1158 2051; x_wconf 92' lang='lat' dir='ltr'><strong>l.</strong></span> <span class='ocrx_word' id='word_1_108' title='bbox 1176 1998 1208 2050; x_wconf 90' lang='grc'><strong>2.</strong></span> <span class='ocrx_word' id='word_1_109' title='bbox 1230 1988 1310 2048; x_wconf 80' lang='lat' dir='ltr'><strong>viu.</strong></span> <span class='ocrx_word' id='word_1_110' title='bbox 1328 1992 1377 2048; x_wconf 85' lang='grc' dir='ltr'><strong>λα-</strong></span> 
     </span>
     <span class='ocr_line' id='line_1_15' title="bbox 270 2071 1482 2159; baseline -0.002 -22"><span class='ocrx_word' id='word_1_111' title='bbox 270 2077 352 2156; x_wconf 85' lang='grc' dir='ltr'><strong><em>βεῖν,</em></strong></span> <span class='ocrx_word' id='word_1_112' title='bbox 373 2097 489 2159; x_wconf 88' lang='lat' dir='ltr'><strong>quorum</strong></span> <span class='ocrx_word' id='word_1_113' title='bbox 510 2079 539 2138; x_wconf 93' lang='lat' dir='ltr'><strong>in</strong></span> <span class='ocrx_word' id='word_1_114' title='bbox 553 2079 633 2141; x_wconf 83' lang='lat' dir='ltr'><strong>Flor.</strong></span> <span class='ocrx_word' id='word_1_115' title='bbox 649 2089 681 2139; x_wconf 96' lang='grc'><strong>2.</strong></span> <span class='ocrx_word' id='word_1_116' title='bbox 703 2090 731 2138; x_wconf 91' lang='lat' dir='ltr'><strong>et</strong></span> <span class='ocrx_word' id='word_1_117' title='bbox 744 2077 823 2137; x_wconf 86' lang='lat' dir='ltr'><strong>Viot.</strong></span> <span class='ocrx_word' id='word_1_118' title='bbox 841 2077 1012 2156; x_wconf 81' lang='lat' dir='ltr'><strong>adscriptum</strong></span> <span class='ocrx_word' id='word_1_119' title='bbox 1034 2100 1080 2157; x_wconf 77' lang='lat' dir='ltr'><strong>pp.</strong></span> <span class='ocrx_word' id='word_1_120' title='bbox 1102 2072 1194 2153; x_wconf 74' lang='grc' dir='ltr'><strong><em>λάβω.</em></strong></span> <span class='ocrx_word' id='word_1_121' title='bbox 1232 2071 1378 2132; x_wconf 90' lang='lat' dir='ltr'><strong>Porsonns</strong></span> <span class='ocrx_word' id='word_1_122' title='bbox 1481 2097 1482 2134; x_wconf 75' lang='lat'>1</span> 
     </span>
     <span class='ocr_line' id='line_1_16' title="bbox 270 2155 1482 2242; baseline -0.006 -20"><span class='ocrx_word' id='word_1_123' title='bbox 270 2158 347 2222; x_wconf 86' lang='lat' dir='ltr'><strong>Adv.</strong></span> <span class='ocrx_word' id='word_1_124' title='bbox 367 2182 396 2242; x_wconf 91' lang='lat' dir='ltr'><strong>p.</strong></span> <span class='ocrx_word' id='word_1_125' title='bbox 416 2171 490 2226; x_wconf 96' lang='grc'><strong><em>269.</em></strong></span> <span class='ocrx_word' id='word_1_126' title='bbox 511 2162 552 2223; x_wconf 88' lang='lat' dir='ltr'><strong>V.</strong></span> <span class='ocrx_word' id='word_1_127' title='bbox 572 2161 612 2222; x_wconf 90' lang='lat' dir='ltr'><strong>D.</strong></span> <span class='ocrx_word' id='word_1_128' title='bbox 634 2164 663 2222; x_wconf 94' lang='lat' dir='ltr'><strong>in</strong></span> <span class='ocrx_word' id='word_1_129' title='bbox 684 2162 813 2221; x_wconf 85' lang='lat' dir='ltr'><strong>o&#39;ensuris</strong></span> <span class='ocrx_word' id='word_1_130' title='bbox 831 2161 1032 2221; x_wconf 73' lang='lat' dir='ltr'><strong>Britannorum</strong></span> <span class='ocrx_word' id='word_1_131' title='bbox 1052 2158 1242 2220; x_wconf 86' lang='lat' dir='ltr'><strong>trimestrihus</strong></span> <span class='ocrx_word' id='word_1_132' title='bbox 1260 2155 1376 2218; x_wconf 84' lang='lat' dir='ltr'><strong>XXIX.</strong></span> <span class='ocrx_word' id='word_1_133' title='bbox 1481 2221 1482 2234; x_wconf 18' lang='lat' dir='ltr'><strong>p</strong></span> 
     </span>
     <span class='ocr_line' id='line_1_17' title="bbox 270 2237 1379 2326; baseline -0.005 -18"><span class='ocrx_word' id='word_1_134' title='bbox 270 2265 301 2324; x_wconf 84' lang='lat' dir='ltr'><strong>p.</strong></span> <span class='ocrx_word' id='word_1_135' title='bbox 326 2255 398 2308; x_wconf 91' lang='grc'><strong><em>123.</em></strong></span> <span class='ocrx_word' id='word_1_136' title='bbox 426 2266 481 2326; x_wconf 91' lang='lat' dir='ltr'><strong>ego</strong></span> <span class='ocrx_word' id='word_1_137' title='bbox 506 2243 541 2304; x_wconf 89' lang='lat' dir='ltr'><strong>ad</strong></span> <span class='ocrx_word' id='word_1_138' title='bbox 567 2245 690 2307; x_wconf 81' lang='lat' dir='ltr'><strong>Philoct.</strong></span> <span class='ocrx_word' id='word_1_139' title='bbox 710 2253 802 2307; x_wconf 87' lang='grc'><strong><em>1081.</em></strong></span> <span class='ocrx_word' id='word_1_140' title='bbox 827 2242 1006 2305; x_wconf 87' lang='lat' dir='ltr'><strong>scribendum</strong></span> <span class='ocrx_word' id='word_1_141' title='bbox 1026 2242 1212 2302; x_wconf 79' lang='lat' dir='ltr'>censebamus</span> <span class='ocrx_word' id='word_1_142' title='bbox 1234 2237 1302 2302; x_wconf 75' lang='lat' dir='ltr'><strong>niuei</strong></span> <span class='ocrx_word' id='word_1_143' title='bbox 1322 2243 1379 2302; x_wconf 79' lang='grc' dir='ltr'><strong>τοῦ</strong></span> 
     </span>
     <span class='ocr_line' id='line_1_18' title="bbox 269 2325 1378 2412; baseline -0.005 -22"><span class='ocrx_word' id='word_1_144' title='bbox 269 2328 497 2412; x_wconf 56' lang='lat' dir='ltr'><strong>automedon.</strong></span> <span class='ocrx_word' id='word_1_145' title='bbox 552 2329 727 2389; x_wconf 82' lang='lat' dir='ltr'><strong>Sohaeierns</strong></span> <span class='ocrx_word' id='word_1_146' title='bbox 751 2329 787 2389; x_wconf 89' lang='lat' dir='ltr'><strong>ad</strong></span> <span class='ocrx_word' id='word_1_147' title='bbox 811 2328 916 2389; x_wconf 91' lang='lat' dir='ltr'><strong>Poesiu</strong></span> <span class='ocrx_word' id='word_1_148' title='bbox 946 2327 1103 2405; x_wconf 86' lang='lat' dir='ltr'><strong>guomieam</strong></span> <span class='ocrx_word' id='word_1_149' title='bbox 1127 2345 1155 2404; x_wconf 89' lang='lat' dir='ltr'><strong>p.</strong></span> <span class='ocrx_word' id='word_1_150' title='bbox 1174 2329 1245 2388; x_wconf 86' lang='grc'><strong><em>156.</em></strong></span> <span class='ocrx_word' id='word_1_151' title='bbox 1274 2325 1378 2402; x_wconf 78' lang='grc' dir='ltr'><strong><em>λαβεῖν</em></strong></span> 
     </span>
     <span class='ocr_line' id='line_1_19' title="bbox 269 2407 1376 2493; baseline -0.005 -21"><span class='ocrx_word' id='word_1_152' title='bbox 269 2414 421 2492; x_wconf 87' lang='lat' dir='ltr'><strong>genuinum</strong></span> <span class='ocrx_word' id='word_1_153' title='bbox 448 2413 573 2493; x_wconf 86' lang='lat' dir='ltr'><strong>putabat.</strong></span> <span class='ocrx_word' id='word_1_154' title='bbox 634 2412 754 2493; x_wconf 85' lang='lat' dir='ltr'><strong>Sequuti</strong></span> <span class='ocrx_word' id='word_1_155' title='bbox 782 2423 847 2472; x_wconf 90' lang='lat' dir='ltr'><strong>sunt</strong></span> <span class='ocrx_word' id='word_1_156' title='bbox 873 2411 1013 2471; x_wconf 79' lang='lat' dir='ltr'>Matthiae</span> <span class='ocrx_word' id='word_1_157' title='bbox 1039 2410 1068 2467; x_wconf 93' lang='lat' dir='ltr'><strong>in</strong></span> <span class='ocrx_word' id='word_1_158' title='bbox 1087 2407 1269 2468; x_wconf 76' lang='lat' dir='ltr'><strong>adnotatione</strong></span> <span class='ocrx_word' id='word_1_159' title='bbox 1290 2419 1320 2468; x_wconf 87' lang='lat' dir='ltr'><strong>et</strong></span> <span class='ocrx_word' id='word_1_160' title='bbox 1348 2409 1376 2466; x_wconf 93' lang='lat' dir='ltr'><strong>in</strong></span> 
     </span>
     <span class='ocr_line' id='line_1_20' title="bbox 269 2490 1377 2575; baseline -0.005 -19"><span class='ocrx_word' id='word_1_161' title='bbox 269 2516 388 2575; x_wconf 82' lang='lat' dir='ltr'><strong>gramm.</strong></span> <span class='ocrx_word' id='word_1_162' title='bbox 412 2497 466 2557; x_wconf 87' lang='lat' dir='ltr'><strong>Gr.</strong></span> <span class='ocrx_word' id='word_1_163' title='bbox 489 2496 518 2572; x_wconf 61' lang='grc' dir='ltr'><strong>ἦ.</strong></span> <span class='ocrx_word' id='word_1_164' title='bbox 534 2502 606 2560; x_wconf 90' lang='grc'><strong><em>546.</em></strong></span> <span class='ocrx_word' id='word_1_165' title='bbox 630 2517 658 2559; x_wconf 83' lang='lat' dir='ltr'><strong>a.</strong></span> <span class='ocrx_word' id='word_1_166' title='bbox 679 2517 712 2556; x_wconf 85' lang='lat' dir='ltr'><strong>oo</strong></span> <span class='ocrx_word' id='word_1_167' title='bbox 731 2494 890 2575; x_wconf 87' lang='lat' dir='ltr'><strong>Pflngkius.</strong></span> <span class='ocrx_word' id='word_1_168' title='bbox 935 2492 1011 2567; x_wconf 81' lang='lat' dir='ltr'><strong>Quid</strong></span> <span class='ocrx_word' id='word_1_169' title='bbox 1032 2511 1100 2551; x_wconf 89' lang='lat' dir='ltr'><strong>vero</strong></span> <span class='ocrx_word' id='word_1_170' title='bbox 1115 2490 1258 2552; x_wconf 73' lang='lat' dir='ltr'><strong>afferunt?</strong></span> <span class='ocrx_word' id='word_1_171' title='bbox 1300 2491 1377 2553; x_wconf 87' lang='lat' dir='ltr'><strong>Pho·</strong></span> 
     </span>
     <span class='ocr_line' id='line_1_21' title="bbox 268 2574 1004 2661; baseline -0.004 -22"><span class='ocrx_word' id='word_1_172' title='bbox 268 2579 355 2661; x_wconf 83' lang='lat' dir='ltr'><strong>eyiidi</strong></span> <span class='ocrx_word' id='word_1_173' title='bbox 370 2579 541 2661; x_wconf 78' lang='lat' dir='ltr'><strong>adscriptum</strong></span> <span class='ocrx_word' id='word_1_174' title='bbox 565 2580 682 2661; x_wconf 80' lang='grc' dir='ltr'><strong><em>ποίημα</em></strong></span> <span class='ocrx_word' id='word_1_175' title='bbox 704 2574 886 2642; x_wconf 61' lang='lat' dir='ltr'><strong>venustando</strong></span> <span class='ocrx_word' id='word_1_176' title='bbox 905 2599 934 2637; x_wconf 87' lang='lat' dir='ltr'><strong>v.</strong></span> <span class='ocrx_word' id='word_1_177' title='bbox 952 2587 1004 2639; x_wconf 88' lang='grc'><strong>40.</strong></span> 
     </span>
    </p>
   </div>
   <div class='ocr_carea' id='block_1_4' title="bbox 266 2671 1373 2861">
    <p class='ocr_par' dir='ltr' id='par_1_5' title="bbox 266 2671 1373 2861">
     <span class='ocr_line' id='line_1_22' title="bbox 330 2671 1243 2760; baseline -0.016 -15"><span class='ocrx_word' id='word_1_178' title='bbox 330 2702 332 2705; x_wconf 83' lang='grc'><strong><em>·</em></strong></span> <span class='ocrx_word' id='word_1_179' title='bbox 396 2681 516 2745; x_wconf 73' lang='grc' dir='ltr'><strong><em>εἴθισε</em></strong></span> <span class='ocrx_word' id='word_1_180' title='bbox 537 2675 579 2760; x_wconf 78' lang='grc' dir='ltr'><strong>μὴ</strong></span> <span class='ocrx_word' id='word_1_181' title='bbox 601 2684 743 2759; x_wconf 76' lang='grc' dir='ltr'><strong><em>θνητοῖσι</em></strong></span> <span class='ocrx_word' id='word_1_182' title='bbox 763 2678 903 2760; x_wconf 78' lang='grc' dir='ltr'><strong><em>γενέσθαι</em></strong></span> <span class='ocrx_word' id='word_1_183' title='bbox 926 2681 1012 2756; x_wconf 79' lang='grc' dir='ltr'><strong><em>πῆμα</em></strong></span> <span class='ocrx_word' id='word_1_184' title='bbox 1033 2671 1191 2738; x_wconf 76' lang='grc' dir='ltr'><strong><em>ποθεινόν.</em></strong></span> <span class='ocrx_word' id='word_1_185' title='bbox 1240 2725 1243 2730; x_wconf 94' lang='grc'><strong><em>.</em></strong></span> 
     </span>
     <span class='ocr_line' id='line_1_23' title="bbox 266 2775 1373 2861; baseline -0.005 -20"><span class='ocrx_word' id='word_1_186' title='bbox 266 2779 411 2861; x_wconf 83' lang='lat' dir='ltr'><strong>Antipatri</strong></span> <span class='ocrx_word' id='word_1_187' title='bbox 428 2779 561 2858; x_wconf 79' lang='lat' dir='ltr'><strong>Tbessal.</strong></span> <span class='ocrx_word' id='word_1_188' title='bbox 584 2779 675 2858; x_wconf 82' lang='lat' dir='ltr'><strong>epigr.</strong></span> <span class='ocrx_word' id='word_1_189' title='bbox 696 2782 747 2840; x_wconf 86' lang='grc'><strong>35.</strong></span> <span class='ocrx_word' id='word_1_190' title='bbox 763 2779 791 2836; x_wconf 92' lang='lat' dir='ltr'><strong>iu</strong></span> <span class='ocrx_word' id='word_1_191' title='bbox 806 2775 924 2835; x_wconf 85' lang='lat' dir='ltr'><strong>Anthoi.</strong></span> <span class='ocrx_word' id='word_1_192' title='bbox 939 2777 1004 2836; x_wconf 86' lang='lat' dir='ltr'><strong>Pal.</strong></span> <span class='ocrx_word' id='word_1_193' title='bbox 1020 2777 1056 2836; x_wconf 91' lang='lat' dir='ltr'><strong>T.</strong></span> <span class='ocrx_word' id='word_1_194' title='bbox 1072 2777 1110 2838; x_wconf 89' lang='grc' dir='ltr'><strong>ΙΙ.</strong></span> <span class='ocrx_word' id='word_1_195' title='bbox 1122 2798 1151 2857; x_wconf 93' lang='lat' dir='ltr'><strong>p.</strong></span> <span class='ocrx_word' id='word_1_196' title='bbox 1169 2780 1240 2842; x_wconf 87' lang='grc'><strong><em>144.</em></strong></span> <span class='ocrx_word' id='word_1_197' title='bbox 1254 2798 1284 2836; x_wconf 95' lang='grc' dir='ltr'><strong>ιι.</strong></span> <span class='ocrx_word' id='word_1_198' title='bbox 1300 2782 1373 2840; x_wconf 84' lang='grc'><strong><em>408.</em></strong></span> 
     </span>
    </p>
   </div>
   <div class='ocr_carea' id='block_1_5' title="bbox 268 2871 1283 3142">
    <p class='ocr_par' dir='ltr' id='par_1_6' title="bbox 268 2871 1283 3142">
     <span class='ocr_line' id='line_1_24' title="bbox 393 2871 1118 2983; baseline -0.004 -42"><span class='ocrx_word' id='word_1_199' title='bbox 393 2878 461 2942; x_wconf 70' lang='grc' dir='ltr'><strong>εἴθε</strong></span> <span class='ocrx_word' id='word_1_200' title='bbox 483 2900 519 2983; x_wconf 77' lang='lat' dir='ltr'><strong>ps</strong></span> <span class='ocrx_word' id='word_1_201' title='bbox 540 2879 729 2940; x_wconf 77' lang='grc' dir='ltr'><strong><em>παντοίοισιν</em></strong></span> <span class='ocrx_word' id='word_1_202' title='bbox 750 2876 792 2939; x_wconf 74' lang='grc' dir='ltr'><strong>ἔτι</strong></span> <span class='ocrx_word' id='word_1_203' title='bbox 811 2873 981 2980; x_wconf 39' lang='grc' dir='ltr'><strong><em>,πλάζεσθαι</em></strong></span> <span class='ocrx_word' id='word_1_204' title='bbox 1003 2871 1118 2956; x_wconf 79' lang='grc' dir='ltr'><strong><em>άήιαις,</em></strong></span> 
     </span>
     <span class='ocr_line' id='line_1_25' title="bbox 475 2958 1048 3042; baseline -0.002 -20"><span class='ocrx_word' id='word_1_205' title='bbox 475 2986 496 3041; x_wconf 78' lang='grc' dir='ltr'><em>η</em></span> <span class='ocrx_word' id='word_1_206' title='bbox 520 2965 623 3041; x_wconf 81' lang='grc' dir='ltr'><em>Λητοῖ</em></span> <span class='ocrx_word' id='word_1_207' title='bbox 642 2965 746 3041; x_wconf 79' lang='grc' dir='ltr'><strong><em>στῆναι</em></strong></span> <span class='ocrx_word' id='word_1_208' title='bbox 768 2983 858 3042; x_wconf 76' lang='lat' dir='ltr'><strong>putav</strong></span> <span class='ocrx_word' id='word_1_209' title='bbox 881 2958 1048 3042; x_wconf 75' lang='grc' dir='ltr'><strong><em>αλωοριὲνρ.</em></strong></span> 
     </span>
     <span class='ocr_line' id='line_1_26' title="bbox 268 3060 1283 3142; baseline -0.002 -18"><span class='ocrx_word' id='word_1_210' title='bbox 268 3061 445 3142; x_wconf 83' lang='lat' dir='ltr'><strong>Crinagorae</strong></span> <span class='ocrx_word' id='word_1_211' title='bbox 468 3063 561 3142; x_wconf 81' lang='lat' dir='ltr'><strong>epigr.</strong></span> <span class='ocrx_word' id='word_1_212' title='bbox 583 3071 636 3126; x_wconf 90' lang='grc'><strong>20.</strong></span> <span class='ocrx_word' id='word_1_213' title='bbox 662 3063 691 3123; x_wconf 90' lang='lat' dir='ltr'><strong>in</strong></span> <span class='ocrx_word' id='word_1_214' title='bbox 709 3061 827 3123; x_wconf 83' lang='lat' dir='ltr'><strong>Anthol.</strong></span> <span class='ocrx_word' id='word_1_215' title='bbox 850 3060 914 3121; x_wconf 86' lang='lat' dir='ltr'><strong>Pal.</strong></span> <span class='ocrx_word' id='word_1_216' title='bbox 936 3061 973 3120; x_wconf 90' lang='lat' dir='ltr'><strong>T.</strong></span> <span class='ocrx_word' id='word_1_217' title='bbox 988 3060 1027 3119; x_wconf 88' lang='lat'><strong>11.</strong></span> <span class='ocrx_word' id='word_1_218' title='bbox 1048 3081 1077 3140; x_wconf 88' lang='lat' dir='ltr'><strong>p.</strong></span> <span class='ocrx_word' id='word_1_219' title='bbox 1094 3067 1144 3138; x_wconf 79' lang='grc'><strong>98.</strong></span> <span class='ocrx_word' id='word_1_220' title='bbox 1166 3081 1195 3122; x_wconf 92' lang='grc' dir='ltr'><strong>ιι.</strong></span> <span class='ocrx_word' id='word_1_221' title='bbox 1209 3066 1283 3124; x_wconf 85' lang='grc'><strong><em>284.</em></strong></span> 
     </span>
    </p>
   </div>
   <div class='ocr_carea' id='block_1_6' title="bbox 260 3157 1375 4094">
    <p class='ocr_par' dir='ltr' id='par_1_7' title="bbox 260 3157 1375 4094">
     <span class='ocr_line' id='line_1_27' title="bbox 394 3157 1178 3242; baseline -0.003 -18"><span class='ocrx_word' id='word_1_222' title='bbox 394 3159 501 3224; x_wconf 71' lang='grc' dir='ltr'><strong><em>αὐτίκα</em></strong></span> <span class='ocrx_word' id='word_1_223' title='bbox 521 3161 571 3224; x_wconf 77' lang='grc' dir='ltr'><strong>καὶ</strong></span> <span class='ocrx_word' id='word_1_224' title='bbox 594 3159 692 3242; x_wconf 82' lang='grc' dir='ltr'><strong><em>Γάζης</em></strong></span> <span class='ocrx_word' id='word_1_225' title='bbox 712 3160 929 3242; x_wconf 71' lang='grc' dir='ltr'><strong><em>χθαμαλωτὲρη</em></strong></span> <span class='ocrx_word' id='word_1_226' title='bbox 951 3161 1017 3222; x_wconf 73' lang='grc' dir='ltr'><strong>εἴθε</strong></span> <span class='ocrx_word' id='word_1_227' title='bbox 1039 3157 1178 3240; x_wconf 81' lang='grc' dir='ltr'><strong><em>Κόρινθε</em></strong></span> 
     </span>
     <span class='ocr_line' id='line_1_28' title="bbox 469 3243 1189 3325; baseline -0.003 -19"><span class='ocrx_word' id='word_1_228' title='bbox 469 3252 605 3321; x_wconf 74' lang='grc' dir='ltr'><strong><em>κεῖσθαι,</em></strong></span> <span class='ocrx_word' id='word_1_229' title='bbox 627 3246 679 3309; x_wconf 71' lang='grc' dir='ltr'><strong>καὶ</strong></span> <span class='ocrx_word' id='word_1_230' title='bbox 702 3249 838 3325; x_wconf 79' lang='grc' dir='ltr'><strong><em>Λιβυκῆς</em></strong></span> <span class='ocrx_word' id='word_1_231' title='bbox 860 3243 991 3325; x_wconf 81' lang='grc' dir='ltr'><strong><em>ψάμμου</em></strong></span> <span class='ocrx_word' id='word_1_232' title='bbox 1013 3243 1189 3325; x_wconf 76' lang='grc' dir='ltr'><strong><em>ἕρημοτὲρη.</em></strong></span> 
     </span>
     <span class='ocr_line' id='line_1_29' title="bbox 265 3342 1375 3428; baseline 0 -23"><span class='ocrx_word' id='word_1_233' title='bbox 265 3346 376 3420; x_wconf 77' lang='lat' dir='ltr'><strong>Quibus</strong></span> <span class='ocrx_word' id='word_1_234' title='bbox 401 3344 509 3407; x_wconf 88' lang='lat' dir='ltr'><strong>addidit</strong></span> <span class='ocrx_word' id='word_1_235' title='bbox 530 3347 671 3408; x_wconf 85' lang='lat' dir='ltr'><strong>Matthiae</strong></span> <span class='ocrx_word' id='word_1_236' title='bbox 699 3347 806 3428; x_wconf 85' lang='lat' dir='ltr'><strong>Odyss.</strong></span> <span class='ocrx_word' id='word_1_237' title='bbox 831 3369 864 3408; x_wconf 91' lang='grc' dir='ltr'><strong>ω.</strong></span> <span class='ocrx_word' id='word_1_238' title='bbox 890 3356 963 3409; x_wconf 89' lang='grc'><strong><em>311.</em></strong></span> <span class='ocrx_word' id='word_1_239' title='bbox 990 3342 1066 3425; x_wconf 88' lang='lat' dir='ltr'><strong>quod</strong></span> <span class='ocrx_word' id='word_1_240' title='bbox 1090 3342 1212 3405; x_wconf 84' lang='lat' dir='ltr'><strong>fideliter</strong></span> <span class='ocrx_word' id='word_1_241' title='bbox 1239 3345 1375 3424; x_wconf 87' lang='lat' dir='ltr'><strong>repetivit</strong></span> 
     </span>
     <span class='ocr_line' id='line_1_30' title="bbox 264 3428 1374 3510; baseline 0 -20"><span class='ocrx_word' id='word_1_242' title='bbox 264 3429 413 3507; x_wconf 80' lang='lat' dir='ltr'><strong>Pflngkius</strong></span> <span class='ocrx_word' id='word_1_243' title='bbox 432 3451 489 3502; x_wconf 83' lang='lat' dir='ltr'><strong>nou</strong></span> <span class='ocrx_word' id='word_1_244' title='bbox 510 3431 639 3510; x_wconf 82' lang='lat' dir='ltr'><strong>inspecto</strong></span> <span class='ocrx_word' id='word_1_245' title='bbox 656 3431 746 3492; x_wconf 80' lang='lat' dir='ltr'><strong>lidro:</strong></span> <span class='ocrx_word' id='word_1_246' title='bbox 769 3431 874 3510; x_wconf 82' lang='lat' dir='ltr'><strong>alioqui</strong></span> <span class='ocrx_word' id='word_1_247' title='bbox 894 3430 1050 3490; x_wconf 84' lang='lat' dir='ltr'><strong>monuisset</strong></span> <span class='ocrx_word' id='word_1_248' title='bbox 1072 3428 1208 3488; x_wconf 83' lang='lat' dir='ltr'><strong>lectorem</strong></span> <span class='ocrx_word' id='word_1_249' title='bbox 1230 3439 1266 3502; x_wconf 85' lang='lat' dir='ltr'><strong>&#39;ne</strong></span> <span class='ocrx_word' id='word_1_250' title='bbox 1286 3449 1374 3508; x_wconf 85' lang='lat' dir='ltr'><strong>quae·</strong></span> 
     </span>
     <span class='ocr_line' id='line_1_31' title="bbox 265 3509 1371 3592; baseline -0.003 -19"><span class='ocrx_word' id='word_1_251' title='bbox 265 3523 344 3573; x_wconf 87' lang='lat' dir='ltr'><strong>reret</strong></span> <span class='ocrx_word' id='word_1_252' title='bbox 372 3512 430 3585; x_wconf 82' lang='lat' dir='ltr'><strong>idi,</strong></span> <span class='ocrx_word' id='word_1_253' title='bbox 460 3513 534 3592; x_wconf 91' lang='lat' dir='ltr'><strong>qnod</strong></span> <span class='ocrx_word' id='word_1_254' title='bbox 559 3515 725 3574; x_wconf 83' lang='lat' dir='ltr'><strong>inventurus</strong></span> <span class='ocrx_word' id='word_1_255' title='bbox 746 3533 802 3573; x_wconf 92' lang='lat' dir='ltr'><strong>uon</strong></span> <span class='ocrx_word' id='word_1_256' title='bbox 828 3524 918 3573; x_wconf 87' lang='lat' dir='ltr'><strong>esset.</strong></span> <span class='ocrx_word' id='word_1_257' title='bbox 968 3509 1009 3570; x_wconf 77' lang='lat' dir='ltr'><strong>At</strong></span> <span class='ocrx_word' id='word_1_258' title='bbox 1029 3512 1101 3571; x_wconf 83' lang='lat' dir='ltr'><strong>haee</strong></span> <span class='ocrx_word' id='word_1_259' title='bbox 1121 3512 1195 3591; x_wconf 82' lang='lat' dir='ltr'><strong>epiri</strong></span> <span class='ocrx_word' id='word_1_260' title='bbox 1218 3513 1371 3585; x_wconf 85' lang='lat' dir='ltr'><strong>sermonis,</strong></span> 
     </span>
     <span class='ocr_line' id='line_1_32' title="bbox 264 3593 1373 3676; baseline 0 -20"><span class='ocrx_word' id='word_1_261' title='bbox 264 3597 381 3675; x_wconf 87' lang='lat' dir='ltr'><strong>eiusque</strong></span> <span class='ocrx_word' id='word_1_262' title='bbox 400 3597 569 3656; x_wconf 81' lang='lat' dir='ltr'><strong>recentioris</strong></span> <span class='ocrx_word' id='word_1_263' title='bbox 590 3607 665 3656; x_wconf 91' lang='lat' dir='ltr'><strong>snut.</strong></span> <span class='ocrx_word' id='word_1_264' title='bbox 710 3598 862 3674; x_wconf 84' lang='lat' dir='ltr'><strong>Sensitque</strong></span> <span class='ocrx_word' id='word_1_265' title='bbox 882 3593 1088 3656; x_wconf 82' lang='lat' dir='ltr'><strong>incommodum</strong></span> <span class='ocrx_word' id='word_1_266' title='bbox 1112 3613 1177 3654; x_wconf 87' lang='lat' dir='ltr'><strong>esse</strong></span> <span class='ocrx_word' id='word_1_267' title='bbox 1198 3593 1272 3676; x_wconf 91' lang='lat' dir='ltr'><strong>apud</strong></span> <span class='ocrx_word' id='word_1_268' title='bbox 1285 3594 1373 3656; x_wconf 82' lang='lat' dir='ltr'><strong>Euri·</strong></span> 
     </span>
     <span class='ocr_line' id='line_1_33' title="bbox 263 3677 1372 3760; baseline 0 -22"><span class='ocrx_word' id='word_1_269' title='bbox 263 3678 356 3760; x_wconf 90' lang='lat' dir='ltr'><strong>pidem</strong></span> <span class='ocrx_word' id='word_1_270' title='bbox 377 3679 543 3739; x_wconf 84' lang='lat' dir='ltr'><strong>infinitivum</strong></span> <span class='ocrx_word' id='word_1_271' title='bbox 558 3679 744 3739; x_wconf 88' lang='lat' dir='ltr'><strong>Buttmannus</strong></span> <span class='ocrx_word' id='word_1_272' title='bbox 758 3678 793 3738; x_wconf 91' lang='lat' dir='ltr'><strong>ad</strong></span> <span class='ocrx_word' id='word_1_273' title='bbox 807 3677 931 3742; x_wconf 73' lang='lat' dir='ltr'><strong>Philone.</strong></span> <span class='ocrx_word' id='word_1_274' title='bbox 950 3687 1041 3743; x_wconf 88' lang='grc'><strong><em>1092.</em></strong></span> <span class='ocrx_word' id='word_1_275' title='bbox 1063 3698 1091 3757; x_wconf 85' lang='lat' dir='ltr'><strong>p·</strong></span> <span class='ocrx_word' id='word_1_276' title='bbox 1110 3683 1180 3741; x_wconf 91' lang='grc'><strong><em>159.</em></strong></span> <span class='ocrx_word' id='word_1_277' title='bbox 1209 3677 1295 3758; x_wconf 83' lang='lat' dir='ltr'><strong>Apud</strong></span> <span class='ocrx_word' id='word_1_278' title='bbox 1311 3677 1372 3739; x_wconf 87' lang='lat' dir='ltr'><strong>Eu·</strong></span> 
     </span>
     <span class='ocr_line' id='line_1_34' title="bbox 263 3759 1371 3844; baseline -0.002 -20"><span class='ocrx_word' id='word_1_279' title='bbox 263 3762 383 3844; x_wconf 82' lang='lat' dir='ltr'><strong>ripidem</strong></span> <span class='ocrx_word' id='word_1_280' title='bbox 403 3760 531 3822; x_wconf 79' lang='lat' dir='ltr'><strong>rodinum</strong></span> <span class='ocrx_word' id='word_1_281' title='bbox 550 3765 689 3842; x_wconf 85' lang='lat' dir='ltr'><strong>scriptura</strong></span> <span class='ocrx_word' id='word_1_282' title='bbox 705 3762 811 3823; x_wconf 81' lang='lat' dir='ltr'><strong>iudicat</strong></span> <span class='ocrx_word' id='word_1_283' title='bbox 825 3761 932 3842; x_wconf 77' lang='grc' dir='ltr'><strong><em>λάβοιν</em></strong></span> <span class='ocrx_word' id='word_1_284' title='bbox 943 3759 1122 3822; x_wconf 83' lang='lat' dir='ltr'><strong>scribendum</strong></span> <span class='ocrx_word' id='word_1_285' title='bbox 1139 3779 1215 3822; x_wconf 87' lang='lat' dir='ltr'><strong>esse.</strong></span> <span class='ocrx_word' id='word_1_286' title='bbox 1259 3759 1371 3822; x_wconf 81' lang='lat' dir='ltr'><strong>Eodem</strong></span> 
     </span>
     <span class='ocr_line' id='line_1_35' title="bbox 262 3843 1370 3926; baseline -0.003 -18"><span class='ocrx_word' id='word_1_287' title='bbox 262 3866 362 3908; x_wconf 85' lang='lat' dir='ltr'><strong>errore</strong></span> <span class='ocrx_word' id='word_1_288' title='bbox 382 3843 455 3926; x_wconf 88' lang='lat' dir='ltr'><strong>apud</strong></span> <span class='ocrx_word' id='word_1_289' title='bbox 474 3845 590 3907; x_wconf 88' lang='lat' dir='ltr'><strong>Suidam</strong></span> <span class='ocrx_word' id='word_1_290' title='bbox 605 3845 747 3922; x_wconf 80' lang='grc' dir='ltr'><strong><em>άμαρτεῑν</em></strong></span> <span class='ocrx_word' id='word_1_291' title='bbox 761 3848 893 3925; x_wconf 84' lang='lat' dir='ltr'><strong>seriptum</strong></span> <span class='ocrx_word' id='word_1_292' title='bbox 908 3856 966 3919; x_wconf 84' lang='lat' dir='ltr'><strong>est,</strong></span> <span class='ocrx_word' id='word_1_293' title='bbox 987 3843 1060 3925; x_wconf 90' lang='lat' dir='ltr'><strong>apud</strong></span> <span class='ocrx_word' id='word_1_294' title='bbox 1078 3865 1160 3924; x_wconf 89' lang='lat' dir='ltr'><strong>quem</strong></span> <span class='ocrx_word' id='word_1_295' title='bbox 1173 3843 1319 3909; x_wconf 84' lang='lat' dir='ltr'><strong>Porsenns</strong></span> <span class='ocrx_word' id='word_1_296' title='bbox 1342 3846 1370 3924; x_wconf 84' lang='grc' dir='ltr'><strong>ἰιιΙ</strong></span> 
     </span>
     <span class='ocr_line' id='line_1_36' title="bbox 260 3926 1370 4010; baseline 0 -20"><span class='ocrx_word' id='word_1_297' title='bbox 260 3928 389 3992; x_wconf 88' lang='lat' dir='ltr'><strong>Dobraei</strong></span> <span class='ocrx_word' id='word_1_298' title='bbox 409 3927 545 3990; x_wconf 86' lang='lat' dir='ltr'><strong>addendis</strong></span> <span class='ocrx_word' id='word_1_299' title='bbox 562 3928 598 3989; x_wconf 90' lang='lat' dir='ltr'><strong>ad</strong></span> <span class='ocrx_word' id='word_1_300' title='bbox 614 3929 762 4009; x_wconf 87' lang='lat' dir='ltr'><strong>Aristoph.</strong></span> <span class='ocrx_word' id='word_1_301' title='bbox 782 3928 899 3990; x_wconf 84' lang='lat' dir='ltr'><strong>Eooles.</strong></span> <span class='ocrx_word' id='word_1_302' title='bbox 922 3937 994 3993; x_wconf 89' lang='grc'><strong><em>607.</em></strong></span> <span class='ocrx_word' id='word_1_303' title='bbox 1020 3928 1138 3990; x_wconf 87' lang='lat' dir='ltr'><strong>Cratino</strong></span> <span class='ocrx_word' id='word_1_304' title='bbox 1161 3926 1309 4010; x_wconf 84' lang='grc' dir='ltr'><strong><em>άμάρτοιν</em></strong></span> <span class='ocrx_word' id='word_1_305' title='bbox 1322 3948 1370 3990; x_wconf 88' lang='lat' dir='ltr'><strong>re·</strong></span> 
     </span>
     <span class='ocr_line' id='line_1_37' title="bbox 262 4012 1063 4094; baseline -0.004 -21"><span class='ocrx_word' id='word_1_306' title='bbox 262 4015 363 4075; x_wconf 90' lang='lat' dir='ltr'><strong>stituit.</strong></span> <span class='ocrx_word' id='word_1_307' title='bbox 407 4014 474 4094; x_wconf 87' lang='lat' dir='ltr'><strong>lpse</strong></span> <span class='ocrx_word' id='word_1_308' title='bbox 486 4012 638 4094; x_wconf 84' lang='lat' dir='ltr'><strong>Euripides</strong></span> <span class='ocrx_word' id='word_1_309' title='bbox 658 4014 686 4072; x_wconf 92' lang='lat' dir='ltr'><strong>in</strong></span> <span class='ocrx_word' id='word_1_310' title='bbox 704 4013 803 4093; x_wconf 83' lang='lat' dir='ltr'><strong>Etym.</strong></span> <span class='ocrx_word' id='word_1_311' title='bbox 819 4012 863 4074; x_wconf 88' lang='lat' dir='ltr'><strong>M.</strong></span> <span class='ocrx_word' id='word_1_312' title='bbox 877 4033 905 4073; x_wconf 87' lang='lat' dir='ltr'><strong>v.</strong></span> <span class='ocrx_word' id='word_1_313' title='bbox 923 4013 1063 4094; x_wconf 80' lang='grc' dir='ltr'><strong><em>τρέφοινι</em></strong></span> 
     </span>
    </p>
   </div>
   <div class='ocr_carea' id='block_1_7' title="bbox 259 4108 1475 4460">
    <p class='ocr_par' dir='ltr' id='par_1_8' title="bbox 259 4108 1475 4460">
     <span class='ocr_line' id='line_1_38' title="bbox 387 4108 1098 4194; baseline -0.003 -17"><span class='ocrx_word' id='word_1_314' title='bbox 387 4112 497 4194; x_wconf 86' lang='grc' dir='ltr'><strong><em>άφρων</em></strong></span> <span class='ocrx_word' id='word_1_315' title='bbox 519 4109 558 4175; x_wconf 76' lang='lat' dir='ltr'><strong>du</strong></span> <span class='ocrx_word' id='word_1_316' title='bbox 580 4113 647 4190; x_wconf 71' lang='lat' dir='ltr'><strong>sinu</strong></span> <span class='ocrx_word' id='word_1_317' title='bbox 669 4112 696 4174; x_wconf 81' lang='grc' dir='ltr'><strong>εἰ</strong></span> <span class='ocrx_word' id='word_1_318' title='bbox 714 4111 838 4191; x_wconf 80' lang='grc' dir='ltr'><strong><em>τρέφοιν</em></strong></span> <span class='ocrx_word' id='word_1_319' title='bbox 859 4108 896 4173; x_wconf 84' lang='grc' dir='ltr'><strong>τά</strong></span> <span class='ocrx_word' id='word_1_320' title='bbox 916 4117 978 4175; x_wconf 77' lang='grc' dir='ltr'><strong>τῶν</strong></span> <span class='ocrx_word' id='word_1_321' title='bbox 999 4112 1098 4188; x_wconf 75' lang='grc' dir='ltr'><strong><em>πέλας.</em></strong></span> 
     </span>
     <span class='ocr_line' id='line_1_39' title="bbox 259 4207 1365 4298; baseline 0.003 -28"><span class='ocrx_word' id='word_1_322' title='bbox 259 4207 375 4272; x_wconf 82' lang='lat' dir='ltr'><strong>Falsum</strong></span> <span class='ocrx_word' id='word_1_323' title='bbox 393 4225 456 4287; x_wconf 85' lang='lat' dir='ltr'><strong>est,</strong></span> <span class='ocrx_word' id='word_1_324' title='bbox 480 4210 555 4298; x_wconf 86' lang='lat' dir='ltr'><strong>quod</strong></span> <span class='ocrx_word' id='word_1_325' title='bbox 572 4211 639 4273; x_wconf 84' lang='lat' dir='ltr'><strong>dicit</strong></span> <span class='ocrx_word' id='word_1_326' title='bbox 654 4210 812 4285; x_wconf 80' lang='lat' dir='ltr'><strong>Matthiae,</strong></span> <span class='ocrx_word' id='word_1_327' title='bbox 842 4233 897 4273; x_wconf 94' lang='lat' dir='ltr'><strong>non</strong></span> <span class='ocrx_word' id='word_1_328' title='bbox 916 4214 969 4274; x_wconf 85' lang='lat' dir='ltr'><strong>hon</strong></span> <span class='ocrx_word' id='word_1_329' title='bbox 989 4224 1087 4292; x_wconf 89' lang='lat' dir='ltr'><strong>optare</strong></span> <span class='ocrx_word' id='word_1_330' title='bbox 1107 4231 1192 4294; x_wconf 88' lang='lat' dir='ltr'><strong>posse</strong></span> <span class='ocrx_word' id='word_1_331' title='bbox 1211 4213 1365 4285; x_wconf 84' lang='lat' dir='ltr'><strong>Helenam,</strong></span> 
     </span>
     <span class='ocr_line' id='line_1_40' title="bbox 260 4295 1475 4376; baseline 0.002 -23"><span class='ocrx_word' id='word_1_332' title='bbox 260 4304 292 4354; x_wconf 89' lang='lat' dir='ltr'><strong>ut</strong></span> <span class='ocrx_word' id='word_1_333' title='bbox 310 4314 384 4354; x_wconf 85' lang='lat' dir='ltr'><strong>nuuc</strong></span> <span class='ocrx_word' id='word_1_334' title='bbox 403 4295 513 4356; x_wconf 84' lang='lat' dir='ltr'><strong>demum</strong></span> <span class='ocrx_word' id='word_1_335' title='bbox 528 4307 637 4376; x_wconf 89' lang='lat' dir='ltr'><strong>turpem</strong></span> <span class='ocrx_word' id='word_1_336' title='bbox 651 4317 702 4376; x_wconf 90' lang='lat' dir='ltr'><strong>pro</strong></span> <span class='ocrx_word' id='word_1_337' title='bbox 717 4298 813 4376; x_wconf 82' lang='lat' dir='ltr'><strong>pudore</strong></span> <span class='ocrx_word' id='word_1_338' title='bbox 831 4297 948 4358; x_wconf 76' lang='lat' dir='ltr'><strong>formam</strong></span> <span class='ocrx_word' id='word_1_339' title='bbox 963 4295 1073 4371; x_wconf 84' lang='lat' dir='ltr'><strong>induat,</strong></span> <span class='ocrx_word' id='word_1_340' title='bbox 1096 4297 1147 4358; x_wconf 86' lang='lat' dir='ltr'><strong>sod</strong></span> <span class='ocrx_word' id='word_1_341' title='bbox 1160 4307 1191 4356; x_wconf 90' lang='lat' dir='ltr'><strong>ut</strong></span> <span class='ocrx_word' id='word_1_342' title='bbox 1202 4298 1270 4357; x_wconf 85' lang='lat' dir='ltr'><strong>olim</strong></span> <span class='ocrx_word' id='word_1_343' title='bbox 1284 4316 1368 4374; x_wconf 83' lang='lat' dir='ltr'><strong>acee-</strong></span> <span class='ocrx_word' id='word_1_344' title='bbox 1474 4373 1475 4376; x_wconf 7' lang='grc' dir='ltr'><strong>Ἴ</strong></span> 
     </span>
     <span class='ocr_line' id='line_1_41' title="bbox 260 4376 1475 4460; baseline 0.002 -23"><span class='ocrx_word' id='word_1_345' title='bbox 260 4378 360 4458; x_wconf 87' lang='lat' dir='ltr'><strong>pisset.</strong></span> <span class='ocrx_word' id='word_1_346' title='bbox 401 4376 475 4437; x_wconf 84' lang='lat' dir='ltr'><strong>Nam</strong></span> <span class='ocrx_word' id='word_1_347' title='bbox 496 4379 543 4438; x_wconf 85' lang='lat' dir='ltr'><strong>iiia</strong></span> <span class='ocrx_word' id='word_1_348' title='bbox 556 4380 629 4459; x_wconf 91' lang='lat' dir='ltr'><strong>qnod</strong></span> <span class='ocrx_word' id='word_1_349' title='bbox 640 4381 669 4440; x_wconf 93' lang='lat' dir='ltr'><strong>in</strong></span> <span class='ocrx_word' id='word_1_350' title='bbox 685 4391 779 4441; x_wconf 88' lang='lat' dir='ltr'><strong>mente</strong></span> <span class='ocrx_word' id='word_1_351' title='bbox 795 4381 891 4453; x_wconf 87' lang='lat' dir='ltr'><strong>habet,</strong></span> <span class='ocrx_word' id='word_1_352' title='bbox 908 4382 962 4442; x_wconf 87' lang='lat' dir='ltr'><strong>hoc</strong></span> <span class='ocrx_word' id='word_1_353' title='bbox 978 4393 1040 4440; x_wconf 81' lang='lat' dir='ltr'><strong>est:</strong></span> <span class='ocrx_word' id='word_1_354' title='bbox 1064 4382 1147 4442; x_wconf 82' lang='lat' dir='ltr'><strong>facile</strong></span> <span class='ocrx_word' id='word_1_355' title='bbox 1161 4399 1193 4440; x_wconf 91' lang='lat' dir='ltr'><strong>se</strong></span> <span class='ocrx_word' id='word_1_356' title='bbox 1206 4399 1365 4460; x_wconf 86' lang='lat' dir='ltr'><strong>passurum,</strong></span> <span class='ocrx_word' id='word_1_357' title='bbox 1474 4377 1475 4380; x_wconf 61' lang='grc'>’</span> 
     </span>
    </p>
   </div>
   <div class='ocr_carea' id='block_1_8' title="bbox 260 4460 1366 4632">
    <p class='ocr_par' dir='ltr' id='par_1_9' title="bbox 260 4460 1366 4632">
     <span class='ocr_line' id='line_1_42' title="bbox 262 4460 1366 4540; baseline 0.004 -20"><span class='ocrx_word' id='word_1_358' title='bbox 262 4461 287 4520; x_wconf 87' lang='lat' dir='ltr'><strong>si</strong></span> <span class='ocrx_word' id='word_1_359' title='bbox 313 4461 367 4520; x_wconf 83' lang='lat' dir='ltr'><strong>sibi</strong></span> <span class='ocrx_word' id='word_1_360' title='bbox 385 4460 522 4540; x_wconf 85' lang='lat' dir='ltr'><strong>eripiatur</strong></span> <span class='ocrx_word' id='word_1_361' title='bbox 544 4462 616 4523; x_wconf 81' lang='lat' dir='ltr'><strong>haec</strong></span> <span class='ocrx_word' id='word_1_362' title='bbox 636 4465 744 4537; x_wconf 82' lang='lat' dir='ltr'><strong>iormn,</strong></span> <span class='ocrx_word' id='word_1_363' title='bbox 766 4465 790 4523; x_wconf 90' lang='lat' dir='ltr'><strong>si</strong></span> <span class='ocrx_word' id='word_1_364' title='bbox 809 4462 892 4524; x_wconf 88' lang='lat' dir='ltr'><strong>modo</strong></span> <span class='ocrx_word' id='word_1_365' title='bbox 910 4464 1037 4526; x_wconf 80' lang='lat' dir='ltr'><strong>oblivisci</strong></span> <span class='ocrx_word' id='word_1_366' title='bbox 1057 4465 1147 4525; x_wconf 86' lang='lat' dir='ltr'><strong>malae</strong></span> <span class='ocrx_word' id='word_1_367' title='bbox 1168 4466 1237 4526; x_wconf 83' lang='lat' dir='ltr'><strong>suae</strong></span> <span class='ocrx_word' id='word_1_368' title='bbox 1259 4465 1366 4538; x_wconf 57' lang='lat' dir='ltr'><strong>famae.</strong></span> 
     </span>
     <span class='ocr_line' id='line_1_43' title="bbox 260 4543 1125 4632; baseline 0.002 -24"><span class='ocrx_word' id='word_1_369' title='bbox 260 4544 423 4608; x_wconf 83' lang='lat' dir='ltr'><strong>meminisse</strong></span> <span class='ocrx_word' id='word_1_370' title='bbox 442 4553 535 4603; x_wconf 85' lang='lat' dir='ltr'><strong>antam</strong></span> <span class='ocrx_word' id='word_1_371' title='bbox 555 4543 622 4605; x_wconf 83' lang='lat' dir='ltr'><strong>fidei</strong></span> <span class='ocrx_word' id='word_1_372' title='bbox 643 4564 714 4625; x_wconf 86' lang='lat' dir='ltr'><strong>erga</strong></span> <span class='ocrx_word' id='word_1_373' title='bbox 731 4548 862 4608; x_wconf 80' lang='lat' dir='ltr'><strong>maritum</strong></span> <span class='ocrx_word' id='word_1_374' title='bbox 876 4547 981 4608; x_wconf 83' lang='lat' dir='ltr'><strong>Graeoi</strong></span> <span class='ocrx_word' id='word_1_375' title='bbox 998 4559 1125 4632; x_wconf 85' lang='lat' dir='ltr'><strong>possent.</strong></span> 
     </span>
    </p>
   </div>
   <div class='ocr_carea' id='block_1_9' title="bbox 0 0 1492 5138">
    <p class='ocr_par' dir='ltr' id='par_1_10' title="bbox 0 0 1492 5138">
     <span class='ocr_line' id='line_1_44' title="bbox 0 0 1492 5138; baseline 0 6"><span class='ocrx_word' id='word_1_376' title='bbox 0 0 1492 5138; x_wconf 95' lang='lat' dir='ltr'><strong> </strong></span> 
     </span>
    </p>
   </div>
  </div>
 </body>
</html>
