3028 5136
793 287 844 364 80

276 473 497 579 συγγνωστὰ
521 471 593 572 μὲν
620 479 693 549 νῦν
715 496 773 548 σοι
797 468 906 559 τόδ’,
933 471 1019 546 ἀλλ’
1042 472 1143 570 ὅμως
1165 471 1288 576 χρεῶν

275 605 430 699 κοσμεῖν
449 604 633 703 γυναῖκας
656 586 724 681 τὰς’
747 595 962 700 γυναικείας
986 576 1132 682 νόσους.
1259 585 1262 594 ’

671 784 791 858 ΟΡΕ
796 788 839 855 Σ
846 786 928 856 ΤΗ
932 787 981 856 Σ.
1035 797 1039 806 “

170 1001 173 1006 ,
275 905 395 1010 σοφόν
419 935 454 982 τι
472 911 601 1006 χρῆμα
625 914 695 982 τοῦ
712 902 937 994 διδάξαντος
955 904 1114 1006 βροτοὺς

275 1031 406 1137 λόγους
430 1026 581 1108 ἀκούειν
604 1038 683 1108 τῶν
707 1029 889 1110 ἐναντίων
913 1019 1033 1129 κόρα·

204 1171 265 1234 935
275 1157 348 1263 ἐγὼ
372 1156 446 1261 γὰρ
469 1154 577 1240 ελδώς
600 1155 721 1232 ταῖνδε
747 1152 929 1259 σύγχυσιν
955 1151 1086 1253 δόμων

274 1288 353 1385 ἔριν
375 1312 414 1357 τε
439 1279 508 1377 τὴν
534 1280 603 1379 σὴν
618 1280 683 1357 καὶ
707 1280 887 1385 γυναικός
902 1268 1088 1381 Ἕκιορος,

276 1406 449 1511 φυλακὰς
474 1408 570 1503 ἔχων
595 1409 770 1506 ἔμιμνον,
797 1407 866 1482 a't'c'
893 1407 1010 1482 αὐτοῦ
1032 1409 1166 1505 μενεῖς,

275 1534 343 1610 εἴτ’
369 1531 616 1633 expoliata&
642 1519 916 1630 αἰχμαλωτίδας
940 1531 1052 1633 φόβῳ
1177 1587 1179 1592 -

273 1657 453 1766 γυναικός
474 1660 588 1732 οἴκων
609 1655 728 1733 τῶνδ’
756 1654 995 1756 ἀπηλλάχθαι
1020 1655 1149 1739 θέλεις.

203 1783 395 1882 teodildae
420 1781 462 1861 δὲ·
484 1767 555 1866 ιδις
578 1779 646 1866 σός
671 1781 716 1858 οὐ
739 1781 868 1881 μένων
892 1777 1094 1872 ἐπιστολάς,

357 2087 430 2150 931.
474 2083 560 2144 Laso.
590 2081 783 2146 Ald.·llerv.
816 2085 848 2149 l.
875 2083 907 2148 2.
932 2082 1016 2144 Cant.
1045 2091 1076 2143 et
1102 2079 1187 2142 codd.
1215 2101 1234 2146 o
1318 2079 1382 2151 ,τὰ

273 2167 327 2251 μέν
348 2159 403 2232 οὖν
424 2186 470 2230 σοι
489 2161 577 2242 τόδ’,
604 2178 718 2247 praeter
737 2169 833 2228 Havn.
863 2169 891 2227 in
912 2188 968 2248 quo
989 2160 1157 2250 συγγνωστά
1177 2183 1268 2247 σοιμ
1327 2158 1382 2232 οὖν
1499 2181 1501 2240 ζ

273 2248 354 2330 τόδ’,
383 2263 415 2312 ut
443 2254 472 2311 io
498 2251 709 2311 Brubachiana.
760 2249 900 2312 Centoras
926 2248 978 2330 μὲν
1002 2256 1076 2325 νῦν,
1109 2249 1318 2311 Valckenarius
1345 2249 1381 2312 ad
1499 2245 1501 2260 '

274 2337 393 2418 Hippoi.
416 2337 469 2402 20.
492 2333 545 2415 μέν
564 2357 633 2410 νυν,
657 2332 733 2415 qtrod
753 2337 861 2416 placuit
881 2333 1058 2415 quibusdam,
1082 2335 1135 2394 elsi
1157 2341 1297 2415 repugnat
1317 2355 1381 2398 san·
1500 2351 1501 2354 ’

274 2423 391 2482 tentiae.
435 2419 569 2479 Fortasse
592 2417 706 2500 scripsit
726 2419 829 2499 μέντοι.
1499 2421 1500 2430 ’

356 2527 429 2591 932.
473 2524 542 2586 ΑΙδ.
572 2525 636 2587 roll.
671 2521 723 2600 τός
749 2525 933 2610 γυναικείους
961 2517 1071 2602 φόσεις.
1121 2521 1207 2586 Lasc.
1238 2535 1268 2584 et
1294 2523 1377 2585 codd'.

204 2618 206 2622 ’
273 2606 380 2685 νόσους
400 2631 453 2691 pro
474 2605 592 2689 φόσεις,
614 2619 644 2670 et
663 2611 744 2671 Vict.
768 2611 864 2670 Havn.
887 2611 973 2670 etiam
993 2608 1168 2690 γυναικείας.

356 2712 430 2775 937.
474 2708 544 2769 Ald.
566 2709 631 2770 rell.
654 2706 756 2789 μένεις.
797 2709 882 2768 Laoc.
906 2705 1041 2768 et'codd.
1066 2712 1171 2788 μενεῖς.
1214 2706 1323 2768 Nescio
1344 2728 1379 2770 an

273 2800 372 2875 μενοῖς
400 2805 430 2854 et
457 2814 486 2852 v.
510 2793 583 2854 939.
614 2789 714 2864 θέλοις
740 2792 896 2871 scripserit.
948 2789 998 2849 Sic
1023 2811 1052 2849 v.
1075 2790 1148 2854 946.
1179 2790 1218 2850 ali
1237 2803 1288 2851 uot
1316 2792 1380 2852 iibri

271 2877 378 2959 πέροει.
432 2871 558 2935 Delerdi
587 2885 680 2933 tammr
710 2873 856 2934 indicativi
882 2883 1000 2954 possunt
1027 2893 1079 2946 eo,
1120 2875 1197 2954 quia.
1211 2812 1304 2936 ddlruc
1331 2895 1381 2936 ex-

273 2970 383 3042 spectat
411 2955 478 3039 quid
500 2955 611 3016 lactura
632 2958 670 3016 sit
690 2956 859 3026 Hermiona,

355 3059 429 3121 938.
473 3055 554 3115 Libri
583 3051 686 3141 φόβφ,
716 3053 791 3134 quod
813 3055 981 3135 Lentingius
1011 3058 1040 3114 in
1069 3051 1153 3140 φόνῳ
1181 3048 1317 3128 metavit,
1348 3068 1381 3116 ut

272 3141 371 3204 eodem
401 3137 484 3200 modo
513 3137 619 3199 dictum
649 3157 705 3219 quo
726 3159 754 3200 ι’.
778 3141 851 3204 895.
882 3145 944 3212 τοῖς
972 3137 1165 3220 δεδραμένοις.
1213 3137 1379 3220 Eodemque

272 3225 357 3287 modo
378 3226 462 3286 etiam
484 3245 512 3284 v.
532 3223 624 3286 1027.
648 3218 732 3308 φόνφ
752 3241 804 3303 pro
826 3217 911 3307 φόβῳ
932 3221 1110 3282 scribendum
1128 3220 1272 3282 iudicavit.
1310 3223 1379 3283 Non

273 3332 362 3391 opus,
391 3328 476 3390 quum
505 3307 711 3387 αἰχμαλωτίδος
739 3301 824 3392 φόβῳ
853 3308 1033 3388 interpretari
1063 3307 1148 3365 liceat
1167 3316 1244 3365 metu
1265 3317 1381 3386 proptor

273 3396 422 3473 captivam.
476 3390 526 3449 Sic
548 3389 705 3470 Sophocles
727 3387 801 3449 (lod.
826 3389 865 3451 R.
889 3391 960 3453 988.
987 3383 1059 3451 ἀλλὰ
1084 3393 1139 3469 τῆς
1164 3383 1257 3467 ζόσης
1277 3386 1379 3471 φόβος.

272 3475 357 3551 Quod
383 3474 545 3535 declaratur
571 3492 707 3553 responso
728 3474 843 3532 nuncii:
876 3473 963 3546 ποίας
991 3470 1023 3534 δέ
1051 3469 1101 3534 καί
1125 3467 1265 3555 γυναικός
1292 3471 1380 3552 έκφο-
1501 3539 1502 3542 ,

271 3554 368 3640 βεῖοθ’
393 3554 484 3638 όιιερς
514 3567 546 3614 ut
566 3557 594 3614 in
617 3553 818 3617 Andromacha
840 3557 1010 3616 scholiastae
1030 3556 1143 3629 verbis,
1171 3560 1212 3642 τῷ
1233 3550 1318 3643 φόβῳ
1338 3562 1379 3644 τῷ

271 3638 346 3722 alardo
366 3645 420 3722 τῆς
441 3639 663 3720 αἰχμαλωτίδος,
685 3639 721 3699 ad
744 3662 771 3701 v.
796 3643 889 3704 1027.

356 3739 430 3805 940.
472 3738 541 3799 Ald.
561 3739 625 3798 rell.
647 3730 744 3819 ἦλθον
765 3736 798 3802 δέ
817 3732 869 3811 τός
889 3732 942 3810 σός
963 3731 1000 3799 οό
1020 3735 1114 3817 μένων
1134 3733 1293 3812 έιιιστολός.
1329 3739 1379 3799 Sic

272 3827 358 3930 etjam
379 3823 476 3884 Guell.
500 3822 550 3883 sed
572 3823 704 3965 omitteps
723 3817 788 3964 colp-p
822 3821 913 3962 Dido}
925 3811 1181 3970 mambritii?
1197 3819 1237 3968 pl}
1252 3818 1379 3966 adfiapig

272 3906 620 4063 ῗίιοὲέβῗδοδπιδέολόδίς
637 3927 750 4094 μένωοίι
780 3946 872 4066 σέβων
901 3946 1057 4060 έίιιστολοίς.
1083 3949 1280 4048 οδολιόΙίιιείοτ
1312 3950 1379 4063 σὰς

271 4074 340 4181 μέγ
361 4099 404 4139 ου
426 4073 472 4177 σέ
471 4075 491 4154 β
497 4097 553 4178 pv.
590 4068 633 4135 dm
664 4071 790 4173 ἐμαυτοῦ
808 4060 925 4173 ἦλθον,ἱ
947 4067 983 4132 οό
1005 4067 1054 4173 διὰ
1074 4067 1126 4176 τὰς
1146 4066 1199 4176 σός
1220 4069 1376 4176 teotardo.

271 4155 947 4321 Zp‘lldlslllt.‘lllllillillllf
965 4176 1080 4311 'llll
1093 4179 1206 4300 llll
1226 4179 1377 4298 llllldl

272 4323 395 4384 editores
417 4333 586 4404 receperunt
605 4313 658 4393 σόις
678 4315 730 4398 μέν
751 4316 787 4382 οὐ
809 4317 902 4400 σέβων
924 4315 1080 4395 ἐπιστολάς.
1130 4320 1163 4381 ld
1186 4321 1296 4402 quidem
1319 4341 1375 4380 nor

271 4417 365 4489 potest
385 4405 546 4485 siguificare
567 4401 642 4483 quod
662 4402 803 4464 Matthiae
824 4404 894 4477 vult,
917 4407 985 4465 υιιιί
1001 4425 1057 4468 non
1079 4425 1134 4484 quo
1155 4407 1298 4466 mandatis
1319 4407 1377 4470 ιοίι

271 4503 301 4553 el
329 4487 576 4552 adhortationibus
602 4486 798 4565 obsequerer.'
836 4486 984 4567 Plluglius
1012 4489 1180 4548 sententiam
1210 4488 1254 4547 lu's
1281 4487 1375 4549 verbis
