3026 5134
800 326 849 376 Π

268 521 334 586 cst.
390 508 476 582 Nam
518 505 617 578 ctiam
648 501 870 582 Menoecenm
906 499 991 572 mori
1027 497 1159 571 volebat
1190 495 1389 594 Euripides.

270 638 327 711 dd
350 635 387 709 id
411 657 491 707 vero
517 630 657 710 Tiresia
682 653 767 727 opus
790 631 855 700 eet.
884 624 1026 722 ‚Itaque
1048 623 1109 696 ille
1134 617 1309 721 imperitis
1333 647 1392 695 re-

267 772 388 861 gnator
412 759 573 832 Eteocles
598 779 674 829 sero
700 754 832 828 tandem
855 752 1016 849 intelligit
1040 751 1140 823 etiam
1165 757 1274 823 uatem
1309 773 1393 823 oon-

268 886 439 962 sulendnm
474 885 592 957 luisse.
649 879 739 953 Eum
772 880 925 977 qnoniam
954 878 1042 974 ipse,
1059 876 1146 974 qnod
1174 884 1279 950 artem
1305 876 1393 948 rati-

268 1013 402 1112 cinandi
429 1011 663 1107 vituperasset,
691 1005 867 1080 conuenire
892 1004 1080 1096 verebatur,
1103 1003 1326 1076 Menoeecum
1350 1003 1393 1073 ab

269 1165 307 1214 se
340 1139 476 1212 missum
501 1157 575 1208 esse
609 1134 656 1206 ait
687 1131 745 1228 qui
775 1132 870 1202 illum
903 1129 1101 1224 adduceret,
1142 1153 1281 1225 eumque
1309 1153 1393 1202 eon-

269 1266 337 1339 snli
362 1288 382 1336 a
408 1261 554 1336 Creonte
579 1260 663 1331 vult.
713 1253 866 1330 Nondum
893 1257 975 1328 satis
1001 1262 1065 1330 est.
1117 1255 1283 1348 Quoniam
1296 1255 1397 1327 enim·

178 1477 180 1484 p
269 1392 473 1464 inhumatum
505 1385 688 1482 Polynicen
729 1383 882 1457 omittere
913 1381 1095 1479 Euripides
1130 1381 1284 1471 nolebat,
1331 1405 1396 1478 po-

269 1529 394 1592 stremo
428 1511 582 1588 mandare
614 1510 695 1584 lecit
718 1508 917 1600 Eteoclem,
953 1515 991 1580 nt
1016 1509 1047 1580 si
1078 1507 1176 1582 cadat
1199 1506 1394 1603 Polynices,

210 1737 214 1746 ι
270 1642 409 1742 capitali
443 1638 610 1737 supplicio
643 1636 810 1710 alliciatur
843 1635 900 1731 qni
932 1635 1075 1731 sepelire
1111 1658 1233 1732 eorpus
1259 1632 1395 1726 audeat,

270 1770 368 1842 etiarn
395 1768 426 1840 si
452 1767 499 1840 sit
523 1764 644 1860 aliquis
670 1787 713 1834 ex
739 1761 904 1858 cognatis.
957 1759 1110 1854 Tandem
1135 1760 1204 1832 abit
1228 1761 1293 1832 iste
1318 1759 1397 1832 En-

267 1894 389 1993 ripidis
424 1890 642 1965 artificiorum
667 1893 852 1960 enarrator.
902 1887 1065 1983 Apertum
1099 1893 1151 1958 est
1183 1887 1284 1978 enim,
1310 1887 1397 1960 bane

267 2028 372 2096 totam
398 2039 544 2107 scenam,
571 2013 770 2110 sicutiipsa
795 2037 862 2086 non
888 2020 1038 2107 estpars
1065 2012 1228 2106 actionis,
1245 2013 1293 2084 ita
1315 2037 1398 2110 pro·

267 2154 385 2244 pterea
409 2143 575 2214 inventam
599 2163 687 2231 csse,
713 2147 750 2212 ut
775 2138 917 2235 reliqna,
944 2162 1027 2234 qnae
1053 2139 1094 2210 ab
1110 2146 1305 2235 argumento
1321 2147 1394 2213 tra·

270 2270 410 2369 goediae
437 2269 549 2340 aliene
574 2274 665 2358 sunt,
692 2265 804 2362 aliquo
831 2255 1086 2338 tamen'rinoulo
1101 2272 1239 2361 possent
1252 2265 1398 2339 adnecti.

372 2395 534 2492 Sequitur
558 2391 810 2466 tumidissimum
837 2393 928 2470 inani
953 2390 1127 2466 verborum
1140 2391 1296 2488 'strepitu
1322 2415 1400 2464 car·

270 2548 346 2597 men
379 2521 493 2612 ebori,
526 2504 591 2618 qno
625 2519 691 2594 iam
723 2519 805 2592 belli
837 2527 871 2591 et
904 2541 1088 2610 armorum,
1123 2541 1191 2590 non
1224 2541 1395 2591 sacrorum

262 2648 398 2724 Baeclri
423 2647 567 2720 sonitum
592 2646 720 2736 audiri,
746 2644 923 2719 infaustum
950 2653 985 2718 et
1007 2643 1202 2741 pestiferum
1225 2646 1301 2717 urbi
1318 2620 1395 2718 esse

270 2775 435 2870 flagitium
460 2771 599 2868 Oedipi,
625 2768 811 2866 Sphingem
838 2768 1001 2843 Gadmeos
1026 2771 1062 2843 in
1082 2794 1179 2844 auras
1195 2770 1396 2869 abripuisse,

273 2901 436 2996 aliamque
462 2921 550 2971 nunc
579 2895 748 2982 infelicem
779 2895 886 2966 mnam
916 2895 1006 2968 inter
1030 2896 1119 2969 lilios
1145 2895 1271 2994 Oedipi
1296 2921 1399 2972 exar-

123 3013 126 3020 ’
272 3025 374 3116 sisse,
399 3031 509 3097 natam
534 3045 607 3095 esse
633 3045 677 3094 ex
702 3020 854 3094 dentibus
880 3021 1033 3096 draconis
1057 3031 1190 3120 gentem
1212 3024 1397 3120 qnamdam,

274 3150 357 3225 deos
388 3150 521 3247 nuptias
551 3147 755 3222 Harmoniae
788 3149 1054 3224 concelebratum
1079 3150 1230 3242 venisse,
1257 3150 1401 3247 Ampbi-

277 3278 352 3352 onis
385 3278 459 3373 lyra
492 3255 622 3351 moenia
657 3275 790 3348 condita
824 3299 898 3348 csse
932 3275 1145 3368 Thebarum,
1177 3285 1400 3374 cornutaeqne

278 3403 419 3500 virginis
453 3403 646 3498 progeniem
664 3402 758 3474 ‘olim
799 3400 902 3475 luisse
936 3402 1065 3475 beatam
1090 3411 1253 3479 narratur.
1306 3405 1402 3496 Quae

279 3529 391 3602 omnia
426 3527 533 3598 miris'
549 3526 663 3632 sinodis¹
691 3527 869 3602 commixta
895 3529 1118 3621 effunduntur,
1145 3529 1303 3602 maiorem
1328 3532 1402 3604 sino

278 3653 378 3728 dnbio
404 3654 446 3724 ab
472 3653 543 3724 eins
569 3654 626 3749 qui
640 3651 756 3726 modos
772 3653 910 3747 lecerat,
927 3679 1023 3751 qnam
1044 3664 1197 3753 apoetao
1220 3664 1292 3730 arte
1308 3681 1402 3732 oom-

277 3779 520 3854 mendationcm
547 3779 711 3852 habentia.

378 3905 499 3978 Prodit
523 3905 586 3977 iam
614 3929 634 3977 a
659 3905 845 3978 Menoeceo
871 3905 1030 3980 adductus
1045 3908 1233 4005 decrepitus
1249 3915 1285 3981 et
1298 3910 1403 3984 unisc-

279 4032 396 4109 rabilis
429 4055 534 4106 senex
567 4031 736 4122 Tiresias,
777 4056 843 4128 qno
875 4032 911 4104 in
942 4057 1065 4130 genere
1099 4017 1304 4132 quantopere
1336 4038 1402 4108 sibi

281 4159 446 4258 placuerit
470 4155 652 4254 Euripides
675 4163 787 4266 notum
814 4167 878 4232 est.
910 4157 948 4234 Is
974 4160 1145 4252 anhelans,
1172 4161 1228 4234 nbi
1253 4163 1403 4258 paullum

283 4288 369 4360 vires
402 4284 562 4380 collegit,
593 4283 736 4356 Athenis
776 4309 812 4356 se
846 4286 976 4358 venisse
1003 4287 1071 4379 ait,
1105 4288 1161 4361 ubi
1197 4288 1284 4385 quod
1319 4290 1401 4362 artis

282 4435 362 4484 suae
389 4435 453 4506 ope
485 4407 688 4506 Eumolpum
715 4410 854 4484 uicerint
879 4411 1115 4506 Athenienses,
1149 4437 1250 4488 aurea
1277 4439 1401 4490 corona
