3022 5140
790 295 837 368 tl

626 481 993 553 ΘΕΡΑΠΑΙΝΑ.

259 635 327 711 odd
354 633 440 721 οἶδ’,
469 633 618 708 ἐκείνων
644 632 683 709 ‹l'
706 630 882 731 ᾐσθόμην
907 631 979 736 ἕνα)
1002 628 1109 707 udde·

258 759 422 860 φροῦδος
446 756 486 832 d’
515 759 572 832 ἐπ’
600 757 717 834 αὐτόν
742 759 937 839 Μενέλεως
962 753 1092 854 δόμων
1116 756 1199 828 ἄπο.

606 947 643 1016 Α
652 948 691 1016 Ν
693 945 727 1013 Δ
735 947 769 1015 Ρ
779 943 810 1017 0
817 947 868 1016 Μ
872 945 908 1014 A
915 945 960 1014 Χ
962 945 1011 1014 H.

259 1074 468 1175 ἀπωλόμην
486 1077 566 1175 ἄρ’·
594 1073 624 1150 ὦ
650 1063 796 1163 ιέκνον,
824 1073 995 1150 κτενοῦσί
1020 1097 1060 1147 σε

211 1218 252 1283 75
260 1201 383 1280 δισσοὶ
405 1197 582 1298 λαβόντες
602 1207 725 1302 γῦπες.
777 1199 797 1275 ό
822 1197 864 1275 δὲ
886 1197 1102 1295 κεκλημένος

259 1326 378 1428 πατὴρ
404 1326 458 1400 ἔτ’
485 1327 525 1401 ἐν
550 1330 726 1425 Δελφοῖσι
749 1326 924 1427 τυγχάνει
948 1324 1084 1420 μόνων.

627 1515 657 1584 Θ
664 1515 697 1582 Ε
704 1514 778 1586 ΡΛ
787 1513 830 1581 Π
835 1514 904 1582 ΑΙ
910 1515 949 1583 Ν
951 1515 997 1583 Α.

258 1651 357 1726 δοκῶ
381 1648 455 1752 γὰρ
477 1648 546 1724 οὐκ
573 1643 622 1721 dr
648 1639 724 1719 ὧόὲ
748 1643 783 1718 σ’
811 1642 860 1718 όν
886 1639 1065 1742 πράσσειν
1090 1653 1225 1732 κακῶς,

257 1775 382 1850 κείνου
407 1769 605 1872 παρόντος·
640 1776 713 1845 νῦν
738 1767 777 1843 d'
804 1771 938 1867 ἔρημος
963 1766 994 1841 εἶ
1020 1766 1150 1867 φίλων.

605 1958 642 2027 Α
649 1959 684 2028 Ν
691 1955 727 2024 Δ
735 1954 872 2028 ΡΟΜ
874 1955 1011 2025 ΑΧΗ.

258 2090 343 2167 οὐδ’
372 2087 471 2188 ἀμφὶ
495 2087 651 2184 Πηλέως
673 2085 810 2184 ἦλθεν,
839 2085 890 2170 ὥς
914 2085 1011 2180 ἥξοι,
1038 2082 1166 2184 (polum

640 2275 709 2347 ΘΕ
716 2275 868 2347 PAIIA
876 2275 899 2344 I
901 2274 982 2346 NA.

213 2407 382 2509 soydpwr
406 2408 542 2492 ἐκεῖνος
567 2408 656 2500 dicae
682 2407 719 2482 α’
745 2403 901 2508 αἰφελεῖν
926 2400 1067 2504 παρεόν.

258 2675 379 2738 dedecor
398 2672 487 2758 γόνον
507 2672 604 2739 πόθεν
623 2673 701 2753 ποτ’,
722 2689 827 2758 puncto
845 2679 875 2736 iu
892 2678 947 2736 line
971 2677 1074 2757 posito,
1098 2695 1151 2734 nee
1167 2694 1198 2733 se
1215 2674 1364 2755 quidquam

260 2759 431 2820 diversitatis
468 2780 484 2818 e
518 2759 592 2818 Mss.
621 2759 691 2819 Par.
721 2758 871 2820 adnotasse
900 2758 969 2818 dicit
996 2757 1174 2837 Lentiugius.
1234 2757 1365 2818 Lascaris

260 2854 324 2922 post
343 2838 431 2924 γόνου
451 2854 567 2922 puncto,
591 2843 681 2902 llerv.
702 2845 734 2906 2.
757 2853 788 2901 et
808 2843 933 2921 reliquae
955 2843 1036 2919 siguo
1059 2840 1251 2919 interrogandi
1267 2841 1366 2900 distin·

260 2936 380 2984 xerunt:
404 2935 488 3004 atque
510 2927 549 2983 ita
570 2927 654 2983 etiarn
671 2925 842 2984 Brunckius.
880 2925 1005 2983 Rursum
1022 2925 1116 2984 omnia
1131 2945 1187 2984 una
1202 2927 1366 3004 quaestione

261 3008 407 3067 coniunxit
439 3007 580 3066 Matthiae
608 3009 711 3088 quique
737 3029 801 3067 eum
828 3008 939 3086 sequuti
966 3018 1049 3080 sunt,
1088 3009 1206 3067 mirifice
1233 3019 1366 3067 enervata

261 3092 411 3151 sententia.
456 3089 608 3153 Πέπυσται
629 3102 706 3151 recte
728 3090 876 3170 Piluglrius
898 3089 1021 3150 ostendit
1037 3090 1071 3150 de
1088 3090 1246 3151 Hermiona
1261 3089 1365 3150 dictum

230 3211 236 3234 ι
261 3194 343 3246 esse,
374 3185 406 3232 ut
434 3176 690 3255 quampraecipue
712 3177 740 3234 in
763 3185 855 3234 mente
877 3174 981 3234 habere
1003 3173 1133 3234 debuerit
1152 3172 1363 3234 Andromacha.

261 3256 377 3317 Addere
398 3269 524 3338 poterat,
548 3260 710 3319 confirmari
731 3257 760 3317 id
781 3279 832 3331 eo,
857 3255 931 3336 quod
953 3259 1057 3316 famula
1073 3257 1224 3337 respondet
1239 3281 1263 3335 φ
1281 3257 1369 3330 enidos·

261 3337 289 3403 δ’
314 3337 359 3403 ἐπ’
384 3337 473 3403 αὐτόν
489 3340 652 3416 Μενέλεως.
689 3342 840 3401 Omisisset
855 3343 929 3400 enim
946 3361 1047 3400 nomen
1062 3340 1200 3413 Menelai,
1224 3281 1296 3400 side
1313 3341 1367 3400 hoc

261 3423 365 3483 dictum
396 3436 472 3484 esset
498 3423 646 3487 πέπυσται.
694 3425 775 3484 llaec
801 3426 826 3483 si
851 3435 1009 3504 reputasset
1036 3423 1072 3483 L.
1095 3423 1279 3496 Dindorfius,
1311 3445 1367 3483 non

261 3506 453 3567 contendisset
471 3506 605 3570 πέπυσθε
626 3509 771 3587 scripsisse
792 3506 977 3586 Euripidem,
1008 3527 1060 3566 nec
1082 3518 1208 3588 putasset
1229 3509 1303 3588 ipsas
1325 3509 1367 3566 fa-

262 3591 351 3650 mulas
372 3588 589 3650 Andromachae
611 3611 666 3670 quo
688 3592 788 3648 missus
809 3602 885 3649 esset
905 3611 976 3670 puer
997 3592 1102 3649 celatas
1124 3591 1220 3650 fuisse.

343 3676 397 3736 71.
441 3671 510 3732 ΑΙιΙ.
535 3674 598 3733 rell.
623 3668 786 3752 όιπαλόμαν.
821 3673 906 3735 Lasc.
927 3685 956 3732 ct
977 3675 1084 3754 aliquot
1100 3673 1183 3733 codd.
1202 3669 1367 3756 tuoto'psp.

344 3759 397 3820 73.
442 3756 558 3835 Fragm.
581 3755 715 3816 Ambros.
740 3751 787 3817 ἐπ’
812 3751 892 3818 αὐτὸ.

344 3843 397 3904 75.
442 3839 500 3916 Qut
528 3841 709 3900 vehementer
737 3839 844 3919 aliquid
867 3841 1001 3921 cupiunt,
1034 3840 1117 3898 facile
1141 3842 1225 3900 ctiam
1250 3843 1369 3899 insonti-

262 3925 314 3984 bus
344 3925 519 3996 irascuntur,
548 3942 599 4003 per
628 3943 698 4003 quos
719 3923 781 3983 lieri
802 3934 902 4003 putant
923 3934 954 3980 ut
975 3943 1030 3980 non
1052 3935 1238 4003 assequantur
1260 3924 1365 4006 cupita.

263 4009 339 4068 lliuc
366 4008 414 4068 illa
434 4006 652 4067 Andromachae
681 4009 709 4066 in
730 4005 949 4085 Neoptolemum
971 4004 1128 4077 acerbitas,
1161 4027 1243 4086 quem
1265 4005 1365 4078 credit,

263 4093 287 4151 si
309 4104 422 4152 curaret
443 4093 546 4162 filium,
571 4112 626 4150 non
648 4101 704 4150 tam
727 4089 774 4148 diu
796 4088 916 4168 Delphis
938 4109 1097 4147 mansurum
1120 4089 1216 4149 luisse.
1266 4089 1299 4148 ld
1320 4111 1369 4168 ap-

264 4187 344 4251 paret
364 4195 400 4235 ex
423 4176 484 4246 his,
509 4169 550 4236 ἔτ’
575 4172 607 4236 ἐν
628 4175 755 4250 Δελφοῖς
775 4171 876 4251 μένων.

344 4260 397 4319 77.
442 4260 535 4318 Havn.
560 4258 638 4320 douai
658 4252 714 4338 γὰρ
736 4251 823 4318 οὐδὲν
844 4246 901 4317 ὧδέ
921 4251 947 4316 o'
972 4249 1016 4316 όιν.

345 4341 397 4403 79.
440 4340 572 4400 Mutandi
588 4339 703 4399 libidine
719 4338 886 4416 Lentingius
907 4334 969 4418 ἥξει
990 4355 1026 4396 ex
1043 4358 1093 4397 sua
1109 4341 1283 4407 coniectura,
1308 4339 1368 4396 sinc

264 4441 382 4493 caussa,
406 4425 461 4482 nisi
482 4425 642 4483 firmaretur
662 4421 726 4481 cod.
751 4422 918 4481 llavniensi.

347 4504 399 4568 80.
450 4505 604 4576 Matthiae,
644 4504 830 4582 Iontingius,
869 4504 973 4583 aliique
1009 4505 1099 4585 γέρων
1134 4499 1162 4584 γ’
1197 4499 1305 4572 ἐκεῖνος
1332 4519 1368 4557 ex
