3022 5140
666 301 715 356 XV

130 473 218 566 eius,
247 495 343 570 quem
361 468 532 545 miramur.
583 469 701 569 Itaque
718 471 746 544 si
760 469 866 549 Asiae
884 482 1110 551 omarueutum
1125 479 1245 576 appol·¹

129 594 180 665 lat
202 589 460 681 Andromacha,
497 596 588 662 recto
611 587 803 663 declarandi
833 613 951 662 caussa
975 591 1075 668 addet
1098 591 1245 690 Θηβαία

130 704 253 798 molam
280 708 333 782 siu
357 707 474 779 urbem
490 705 629 780 Thebas
652 707 844 804 alloquitur,
870 731 1007 807 eamque
1031 709 1114 784 dieit
1141 735 1244 784 urna·

129 835 277 900 mentum
291 823 396 898 Asiae
422 847 509 915 esse,
535 822 624 898 dicet
649 820 795 920 Θηβαία
821 818 924 928 aa'dbv,
956 833 993 899 ut
1018 832 1143 922 σχῆμα
1175 827 1241 900 iam

129 967 196 1016 uon
225 941 414 1031 vocativus,
448 938 506 1013 sed
533 940 753 1014 nominativus
783 941 837 1016 sit.
887 943 1089 1041 Apollonius
1110 943 1178 1019 Ill.
1201 944 1243 1018 de

130 1059 264 1158 svntaxi
290 1083 320 1132 c.
347 1057 384 1130 9.
408 1083 443 1155 p.
463 1056 551 1130 218.
576 1055 629 1129 ed.
656 1055 754 1154 Splb.
780 1066 813 1131 et
837 1057 1008 1152 Bekkeri,
1032 1084 1071 1133 ue
1093 1061 1134 1135 de
1160 1088 1242 1160 pro-

131 1204 220 1250 uom.
254 1204 289 1274 p.
305 1175 394 1248 285.
420 1182 520 1270 negat
544 1175 682 1254 ἐκεῖνος
713 1174 837 1248 habore
863 1177 1067 1270 vocativum,
1097 1179 1175 1277 quia
1201 1180 1242 1252 de

130 1297 268 1367 absente
291 1293 432 1383 dicatur,
458 1291 580 1363 habore
609 1299 717 1364 autem
744 1285 861 1378 οὗτος,
889 1296 966 1392 quie
989 1295 1030 1370 de
1053 1306 1241 1393 praesente.

130 1412 269 1509 Duplex
296 1409 330 1481 iu
355 1409 406 1480 bis
431 1433 544 1482 error:
565 1433 641 1480 uam
660 1416 694 1481 et
719 1410 887 1482 absentem
910 1412 1035 1509 alloqui
1055 1438 1241 1512 possamus,

129 1553 237 1626 neque
271 1522 303 1599 oi
335 1520 444 1607 οὗτος
475 1526 665 1618 vocativus,
698 1526 756 1601 sed
783 1529 1003 1601 nominativus
1029 1539 1099 1621 est,
1125 1529 1242 1604 decla·

130 1671 209 1718 rans
244 1646 300 1744 qui
329 1646 375 1716 sit
406 1668 502 1739 quem
533 1667 700 1715 vocemus.
758 1642 941 1718 Vocativus
966 1655 1018 1720 est
1043 1641 1147 1733 odas,
1182 1647 1240 1722 sed

90 1855 92 1860 Ι
130 1767 173 1836 oh
206 1762 241 1834 id
276 1763 383 1860 ipsum
415 1762 613 1850 inusitatus,
654 1761 731 1857 quia
764 1786 830 1833 uou
864 1771 915 1835 est
947 1787 1065 1836 nornen
1096 1765 1239 1838 bominis

129 1907 226 1978 quem
255 1904 431 1971 vocamus,
456 1878 514 1955 sed
542 1878 689 1952 declarat
715 1878 802 1951 buno
828 1904 922 1972 esse,
954 1882 1009 1977 qui
1036 1881 1070 1954 in
1096 1907 1240 1981 conspe·

129 2008 184 2072 ctu
212 2007 275 2071 est.
323 1995 456 2070 Ἐκεῖνε
483 2021 559 2070 vero
580 1996 694 2093 quidni
720 1996 787 2069 dici
813 1999 931 2095 possit,
958 2001 987 2072 si
1007 2024 1067 2098 pro
1092 2002 1261 2104 epitheto

129 2115 205 2190 est?
256 2115 305 2188 Ut
336 2116 366 2188 si
401 2115 475 2213 quis
509 2140 546 2188 se
583 2114 677 2186 illum
706 2111 883 2188 Socratem
907 2141 981 2190 esso
1007 2119 1128 2213 iactet,
1161 2119 1239 2218 quid

128 2232 267 2330 impedit
292 2234 371 2331 quin
388 2256 462 2304 eum
479 2232 683 2330 appellemus
709 2230 822 2304 ἕκεῖνε
842 2227 1068 2332 lotapatae?
1094 2237 1239 2312 Posses·

128 2352 217 2442 siva,
250 2350 328 2448 quie
359 2349 507 2448 epitheta
538 2357 633 2439 suut,
666 2347 789 2420 babent
825 2352 1026 2424 vocativum:
1067 2350 1238 2456 ὦπάτερ

12 2535 15 2540 .
127 2465 276 2565 ἡμέτερε
301 2463 478 2563 Κρονίδη.
529 2464 608 2539 Νοιι
636 2472 840 2559 esttamen,
868 2465 1154 2565 ιιὶμῆιερέμή,
1188 2475 1238 2548 sie

128 2580 242 2680 πάτερ
270 2579 332 2680 ἐμὲ
359 2583 495 2676 dietum,
521 2609 615 2683 quem
644 2584 840 2676 vocativum,
868 2585 945 2680 quia
967 2585 1113 2660 eamdem
1140 2616 1238 2687 quam

128 2699 302 2798 persouaile
327 2725 508 2798 pronomen
534 2686 671 2773 formam
696 2701 835 2794 babeat,
862 2703 1054 2777 inusitatum
1076 2731 1149 2782 esse
1175 2710 1238 2781 ad-

127 2819 254 2892 notavit
286 2816 483 2890 Eustatbius
518 2843 552 2915 p.
585 2820 700 2913 1871,
732 2817 795 2893 24.
852 2819 975 2894 Paullo
1007 2825 1107 2897 aliter
1140 2823 1236 2925 quam

126 2936 327 3034 Apollonius
352 2931 620 3032 Etpmologieum
646 2937 696 3012 M.
730 2963 764 3035 p.
786 2935 879 3029 643,
904 2939 964 3014 26.
991 2950 1026 3014 et
1048 2940 1237 3018 Gudiauum

127 3081 160 3152 p.
181 3051 270 3126 443.
306 3048 370 3123 καὶ
401 3049 424 3144 ἡ
458 3048 666 3145 κλητικὴῶ
702 3047 827 3139 οὗτος,
857 3053 1061 3139 Ἀττικαῖς(
1101 3057 1239 3157 ὁμοίως

127 3167 190 3242 καὶ
225 3165 269 3240 τὸ
295 3167 449 3250 ἐκεῖνος.
480 3167 502 3261 ἡ
533 3165 575 3241 δὲ
602 3166 716 3250 αὐτὸς
740 3168 915 3264 κλητικὴν
940 3173 1010 3246 οὐκ
1034 3175 1117 3268 ἔχει.
1169 3179 1237 3252 Hie

126 3289 229 3385 igitur
250 3287 485 3381 grammaticus
511 3281 541 3359 ab
565 3287 700 3368 ἐκεῖνος
722 3288 904 3360 vocativum
926 3314 999 3363 csse
1025 3294 1108 3366 volt.
1156 3294 1237 3368 Αὐ-

125 3402 189 3486 τὸς
212 3403 427 3500 Apollonim,
454 3413 490 3478 ut
513 3404 553 3477 de
575 3405 723 3496 absente,
750 3428 865 3479 carere
892 3409 1040 3482 vocativo
1062 3410 1237 3486 existima-

52 3532 56 3539 ’
126 3523 184 3595 vit.
252 3519 357 3593 Immo
390 3522 469 3618 quia
501 3519 613 3602 αὐτὸς
646 3546 742 3596 nemo
778 3531 848 3617 est,
888 3525 953 3626 nisi
982 3525 1109 3600 dixeris
1140 3555 1236 3629 quem

126 3641 232 3739 ipsum
264 3637 408 3734 intelligi
437 3639 529 3712 velis.
580 3638 670 3711 Mihi
697 3639 827 3739 quidem
854 3643 976 3742 ubique
1002 3645 1235 3742 nominativus,

128 3783 222 3855 quem
255 3780 316 3854 pro
348 3755 499 3826 vocativo
533 3757 674 3852 positum
707 3759 841 3850 volout,
880 3785 945 3832 non
980 3764 1143 3856 vocantis,
1176 3766 1236 3838 sed

12 3913 14 3926 =
128 3873 327 3961 declarantis
353 3896 426 3945 csse
448 3871 589 3965 videtur,
616 3883 653 3946 ut
675 3868 752 3960 δός,
779 3873 886 3972 φίλος
908 3902 950 3949 ex
975 3875 1099 3976 Odyss.
1114 3880 1236 3954 XVII.

126 3987 213 4065 415.
240 3990 378 4062 allatum
405 3992 446 4061 ab
464 3990 647 4089 Apollonio
670 3992 710 4066 de
732 3994 865 4090 syntaxi
887 3993 1015 4068 111.7.
1037 4021 1072 4093 p.
1088 3996 1174 4072 213.
1202 4005 1236 4070 et

127 4107 167 4180 de
202 4131 353 4206 prouom.
379 4133 413 4205 p.
440 4108 529 4182 286.
555 4109 699 4206 itemque
727 4103 886 4206 (ripaltae
919 4111 1006 4207 apud
1031 4111 1234 4210 Aeschylum

126 4225 241 4299 Prom.
268 4223 353 4298 548.
378 4225 547 4322 aliosque,
581 4224 666 4322 quod
691 4233 741 4296 est
768 4220 836 4311 σύ,
871 4224 890 4300 ὃ
918 4224 1025 4326 φίλος
1047 4227 1112 4303 div.
1164 4229 1236 4304 Er·

126 4368 217 4417 rasse
241 4344 461 4440 Apollonium
495 4342 657 4435 ostendit,
693 4341 779 4440 quod
815 4345 912 4416 allent
934 4340 1071 4428 Ἠέλιός
1097 4347 1156 4434 θ’,
1195 4349 1235 4432 ὃς
