3028 5136
816 315 852 368 Vl

285 511 367 561 rem.
416 483 506 559 Illud
532 510 598 558 non
621 483 751 558 ridetur
775 483 908 558 dubium
935 506 1027 576 esse,
1051 481 1140 555 inter
1158 489 1275 556 cantus
1295 483 1394 557 ebori

285 629 386 684 unum
411 603 552 702 aliquem
578 603 619 676 de
645 627 746 700 grege
770 602 942 701 prodisse,
975 600 1031 699 qui
1057 599 1201 698 aliquam
1227 601 1397 700 antiquam
1478 587 1480 592 ¹

286 722 431 794 fabulam
453 746 518 793 non
542 726 677 817 ageret,
703 718 761 792 sed
787 719 952 793 narrando
973 718 1140 791 recitaret.
1191 718 1274 791 Inde
1299 744 1398 792 man-

239 861 248 883 ‘
288 818 353 932 sit,
381 847 419 912 ut
442 839 477 911 in
504 837 594 910 omni
622 837 813 934 tragoedia,
840 847 961 937 atque,
989 843 1026 908 ut
1054 835 1204 930 ridetur,
1234 834 1333 908 etiam
1359 835 1396 908 in

287 955 402 1028 tabula
431 955 596 1051 satyrica,
635 955 747 1053 aliqua
779 956 894 1028 nuncii
928 954 1075 1028 narratio
1109 979 1171 1051 pro
1206 933 1396 1025 necessaria

286 1080 382 1170 parte
405 1071 537 1146 fabulae
560 1071 758 1167 baberetur,
784 1073 854 1147 sire
877 1074 907 1146 is
928 1072 1069 1145 nuncius
1090 1071 1173 1142 nihil
1189 1069 1280 1142 aliud
1298 1094 1397 1169 qnam

287 1190 427 1262 nuncius
454 1198 561 1282 esset',
594 1189 665 1264 sive
696 1199 809 1289 partes
840 1189 912 1265 eius
937 1215 1049 1264 eorum
1075 1189 1133 1262 uni
1158 1189 1397 1281 tribuerentur,

288 1308 345 1405 qui
371 1308 456 1380 alias
480 1309 514 1380 in
541 1307 654 1380 fabula
675 1333 796 1406 easque
818 1308 988 1406 grauiores
1008 1331 1166 1407 personas
1183 1305 1398 1379 sustinerent.

287 1421 406 1497 Facile
433 1431 540 1498 autem
567 1423 887 1518 existimare‘licet,
915 1427 1123 1499 narrationes
1145 1425 1226 1496 istas
1256 1421 1326 1496 lere
1352 1448 1399 1497 ex

289 1540 497 1638 antiquorum
540 1541 709 1640 epicorum
754 1544 955 1617 carminibus
994 1544 1064 1643 peti
1106 1542 1240 1615 solitum
1280 1540 1399 1634 luisse,

289 1657 377 1756 quod
408 1658 451 1732 iis
476 1667 545 1732 tnm
571 1659 677 1733 omnis
703 1685 813 1736 rerum
839 1662 917 1734 olim
940 1669 1106 1758 gestarum
1131 1659 1220 1731 lama
1244 1659 1400 1732 eontine-

288 1784 393 1850 retur.
448 1776 574 1851 Postea
604 1776 732 1876 placuit
763 1801 829 1850 non
864 1780 971 1852 solum
997 1801 1134 1852 narrare
1160 1773 1285 1874 aliquid
1310 1801 1401 1848 nun-

288 1894 397 1986 cium,
423 1893 480 1968 sed
507 1896 605 1969 etiam
631 1895 739 1994 ipsum
760 1917 873 1992 agere.
922 1895 977 1970 lta
997 1896 1141 1990 laetum,
1167 1893 1280 1992 utqui
1306 1901 1402 1987 saty-

289 2007 401 2085 rorum
435 2013 550 2086 babitu
582 2021 681 2111 atque
712 2022 831 2086 ornatu
865 2014 901 2086 in
933 2015 1036 2088 choro
1072 2013 1241 2088 Bacchico
1278 2019 1402 2104 essent,
1508 2055 1509 2058 =

134 2147 137 2156 '
204 2197 210 2203 .
289 2129 455 2230 comisto
481 2139 594 2206 actore
619 2155 788 2205 sermones
813 2140 1050 2227 consererent,
1075 2133 1190 2230 quales
1214 2129 1255 2202 ab
1279 2130 1403 2227 satyris

289 2247 406 2322 baberi
446 2257 703 2322 consentaneum
736 2248 916 2324 uideretur.
981 2251 1091 2343 Quum
1131 2247 1249 2323 deinde
1285 2271 1400 2323 rursus

226 2473 230 2480 Ι
290 2366 531 2464 dithyrambnm
566 2351 742 2441 cecinisset
774 2367 917 2462 eborus,
948 2367 1057 2451 denuo
1092 2374 1186 2439 actor
1216 2366 1277 2439 illo
1310 2363 1401 2438 aliud

291 2475 563 2559 rel·narratnrus
596 2486 649 2559 rel
674 2493 809 2559 aeturus
839 2485 1005 2585 prodibat.
1066 2483 1164 2557 Unde
1189 2508 1261 2556 mos
1285 2494 1318 2556 et
1342 2483 1401 2555 lex
1500 2517 1509 2552 ι

291 2601 420 2676 exstitit
445 2603 657 2702 tragoediae,
689 2612 727 2677 ut
756 2605 791 2676 in
824 2628 954 2702 qnoque
985 2610 1062 2676 actu
1087 2624 1173 2674 noua
1197 2623 1341 2699 persona
1365 2599 1402 2671 in

290 2745 421 2794 scenam
445 2721 722 2796 introduceretur.
772 2720 904 2794 Deinde
928 2722 1117 2812 inuentum,
1148 2727 1187 2794 ut
1208 2720 1293 2792 istae
1319 2741 1403 2790 uar-

290 2839 437 2912 rationer
470 2863 583 2913 omnes
614 2839 711 2910 unius
747 2838 932 2940 argumenti
963 2837 1186 2936 perpetuitate
1220 2836 1404 2932 coniunge-

291 2965 428 3050 rentur,
455 2957 574 3054 quique
595 2956 684 3029 inter
709 2955 857 3053 singulas
882 2933 1093 3052 partes‘eani
1120 2957 1271 3029 solebant
1294 2954 1404 3051 ditbp-

292 3074 400 3147 rambi
432 3082 711 3147 commutarentur
742 3098 817 3147 eum
851 3072 1014 3147 eiusmodi
1050 3073 1271 3166 carminibus,
1318 3094 1403 3169 quaa

293 3189 335 3263 ad
360 3188 444 3263 illud
468 3201 717 3290 argumentum,
751 3192 792 3266 do
819 3217 883 3292 qno
905 3201 1001 3266 actor
1024 3198 1226 3289 exponeret,
1256 3191 1404 3287 pertine-

291 3315 380 3381 rent.
429 3307 484 3382 Ita
508 3309 622 3384 labula
653 3311 784 3385 exstitit
815 3311 978 3409 satyricae
1011 3333 1055 3383 ex
1087 3331 1172 3406 qua,
1202 3306 1405 3404 argumentis

293 3422 335 3497 ad
358 3425 448 3498 seria
472 3428 662 3522 translatis,
688 3437 763 3501 orta
789 3436 841 3501 est
863 3428 1054 3526 tragoedia,
1088 3427 1284 3524 additusque
1310 3425 1405 3498 dein-

294 3566 373 3640 ceps
407 3544 492 3616 alter
524 3553 558 3618 et
582 3554 750 3644 postremo
776 3545 895 3618 tertius
929 3555 1034 3619 actor.
1092 3545 1183 3618 Hine
1212 3551 1283 3635 est,
1316 3543 1405 3641 quod

293 3659 495 3734 Aristoteles
527 3661 567 3736 de
598 3663 771 3761 tragoedia
795 3661 878 3736 didit
902 3662 966 3737 IV.
995 3665 1055 3734 17.
1082 3661 1135 3734 ἔτι
1160 3657 1202 3736 δὲ
1227 3657 1269 3734 τὸ
1297 3659 1406 3762 μέγε-

295 3777 366 3859 θος
392 3778 433 3850 ἐκ
459 3785 608 3878 μικρῶν
633 3775 777 3878 μύθων
812 3777 877 3853 καὶ
911 3778 1038 3864 λέξεως
1070 3771 1214 3880 γελοίοις
1220 3830 1233 3864 ,
1266 3773 1330 3852 duel
1360 3775 1404 3852 ud

295 3896 337 3969 ἐκ
363 3901 564 3994 europaeo
596 3899 840 3996 μεταβαλεῖν,
879 3893 948 3996 ὀψὲ·
980 3889 1241 3991 auraemalae.
1300 3896 1406 3969 Anti·

297 4016 394 4113 quior
425 4039 503 4110 ergo
536 4017 681 4113 satyrica
718 4017 833 4089 labala
862 4024 935 4109 est,
974 4038 1058 4113 quae
1091 4014 1121 4086 si
1152 4015 1274 4091 mansit
1305 4015 1406 4088 etiam

296 4134 431 4206 inventa
454 4134 644 4232 tragoedIa,
678 4159 746 4206 uon
782 4143 849 4207 tam
874 4133 909 4206 id
937 4133 1116 4231 putandum
1138 4142 1189 4208 est
1214 4141 1407 4230 temperan-

297 4251 359 4324 dae
384 4249 554 4324 hilaritate
586 4252 774 4326 serentatis
808 4277 926 4326 caussa
958 4252 1080 4326 lactum
1117 4275 1210 4344 esse,
1242 4272 1337 4348 quam
1369 4255 1407 4320 ut

160 4385 163 4396 ·
298 4369 453 4466 antiquus
478 4376 512 4441 et
534 4369 701 4464 legitimus
732 4396 803 4444 mos
829 4379 1100 4461 conservaretur,
1133 4377 1306 4471 postquam
1332 4390 1406 4438 ma-

298 4485 370 4560 iore
393 4484 502 4558 studio
528 4507 644 4561 serora
668 4496 864 4587 argumenta
894 4488 1157 4587 excipiebantur.
1217 4485 1314 4578 Quod
1343 4507 1406 4566 an·
