3032 5132
636 323 711 398 119

113 511 212 614 ἀτὰρ
238 513 273 588 σ’
305 516 432 613 ἐρωτῶ
457 514 525 594 τὸν
549 519 682 595 νεωστὶ
707 521 896 622 κοίρανον,

112 645 145 716 εἰ
170 636 276 716 τόνδ’
306 639 469 740 ὑβρίζεις
493 645 620 745 πατέρ’
650 646 886 728 ἀποστέλλων
906 651 1077 749 χθονός,

111 763 150 839 τί
173 768 412 865 θεσμοποιεῖς
436 767 495 844 ἐπὶ
520 754 743 874 ταλαιπώρῳ
768 785 888 877 νεκρῷ
894 809 908 868 ,·

548 973 761 1064 ΚΡΕΩΝ.

104 1117 330 1202 Ἐτεοκλέους
353 1116 599 1220 βουλεύματ’,
625 1123 694 1220 οἰχ
718 1124 840 1224 ἡμῶν,
865 1125 966 1205 τάδε.

501 1311 539 1379 Α
546 1311 584 1382 Ν
592 1314 651 1383 TI
657 1315 693 1382 Γ
699 1313 778 1387 ΟΝ
779 1317 830 1386 Η.
955 1335 959 1344 ’

107 1447 260 1554 ἄφρονά
283 1480 339 1556 γε,
363 1453 427 1530 καὶ
453 1455 502 1532 σι’)
525 1453 663 1556 μωρός,
691 1460 732 1544 ὃς
756 1461 893 1540 ἐπίθου
919 1461 1019 1539 τάδε.
1059 1453 1063 1463 ’

557 1647 598 1715 Κ
600 1641 772 1720 ΡΕΩΝ.

104 1795 204 1879 πῶςς
227 1789 488 1888 τάντεταλμέν’
519 1791 565 1910 οὐ
589 1790 737 1870 δίκαιον
761 1797 929 1871 ἐκπονεῖν
935 1826 948 1885 ,·

497 1981 536 2055 Α
543 1982 585 2054 N
590 1983 651 2054 TI
654 1983 692 2053 Γ
697 1981 776 2054 ON
777 1985 828 2054 H.

102 2125 184 2214 οὐκ,
210 2124 260 2222 ἢν
283 2123 427 2228 πονηροί
451 2128 489 2230 γ’
517 2125 541 2226 A
567 2139 690 2214 κακῶς
714 2131 748 2204 τ’
778 2130 961 2234 εἰρημένα.

527 2313 764 2406 ποιων.

99 2461 138 2536 τί
164 2460 218 2552 δ’,·
245 2463 290 2538 οὐ
317 2462 469 2547 δικαίως
495 2462 558 2539 ὅδε
583 2464 694 2542 κυσὶν
718 2463 943 2564 δοθήσεταις

497 2653 824 2770 ΑΝΤΙῩΓΟΝΗ.

100 2798 352 2910 οὐκέννομον
377 2799 450 2902 yolp
476 2801 546 2900 τὴν
570 2801 679 2901 δίκην
703 2799 921 2904 πράσσεσθέ
942 2828 1014 2877 νιν.

185 3182 277 3246 1654.
299 3186 375 3245 Libri
401 3181 434 3243 τέ
457 3178 541 3245 τόνδ’
570 3179 701 3265 ὑβρίζεις
726 3184 834 3265 πατέρ’
866 3183 1059 3246 ἀποστέλλων
1082 3177 1216 3263 χθονός,·

98 3273 180 3330 Hunc
199 3290 303 3330 rusum
325 3269 453 3329 Matthiae
474 3279 504 3329 ut
525 3274 640 3348 spurium
656 3275 763 3342 notavit,
784 3272 1067 3330 Valckenariisecutus
1082 3269 1215 3340 iudicium,

97 3358 140 3415 his
162 3359 204 3413 usi
225 3360 399 3433 argumentis:
420 3359 502 3432 patris
525 3365 618 3414 sortem
642 3354 775 3433 deplorare
795 3355 964 3434 Antigonam,
984 3355 1015 3412 de
1026 3354 1158 3426 Polynicis
1172 3373 1215 3412 au-

98 3450 150 3499 tem
173 3440 297 3499 cadavere
324 3441 460 3498 sollicitam
484 3460 556 3498 esse:
579 3461 609 3498 eo
632 3460 661 3499 se
681 3449 781 3499 vertere
803 3441 836 3498 acl
857 3441 1009 3499 Creontem:
1037 3437 1107 3496 huno
1128 3446 1214 3496 autem

96 3529 125 3583 in
151 3545 276 3602 responso
305 3545 353 3583 suo
381 3545 483 3583 versum
509 3527 581 3583 illum
612 3528 684 3584 velut
709 3547 762 3584 non
788 3527 915 3602 prolatum
942 3543 1049 3603 prorsus
1070 3525 1214 3602 negligere3

96 3616 180 3686 neipue
201 3608 360 3689 Antigonam
381 3614 463 3688 patris
485 3612 606 3669 exsilium
628 3631 737 3686 usquam
760 3610 927 3688 deprecari,
919 3630 998 3668 rmmo
1020 3629 1071 3666 non
1082 3613 1212 3686 ingratum

97 3697 147 3750 sibi
174 3695 230 3751 fore
229 3695 402 3798 significare
427 3691 583 3766 v.1689.;
608 3703 749 3772 praeterea,
775 3695 843 3770 quod
870 3693 993 3772 quidem
998 3695 1056 3751 lere
1077 3711 1136 3749 esse
1156 3695 1213 3767 ipse

96 3782 201 3849 fatetur,
222 3772 311 3858 ἀτάρ,
333 3787 363 3836 ut
384 3778 452 3855 quod
473 3780 577 3838 diversa
594 3779 734 3858 disiungat,
749 3780 871 3838 indicium
883 3769 1004 3856 praebere
1025 3795 1077 3833 non
1099 3774 1213 3850 depatre

95 3863 175 3919 verba
195 3864 322 3922 iacturam
344 3881 402 3922 esse
422 3863 591 3943 Antigonam.
634 3865 696 3922 Non
718 3866 848 3939 persuasit
868 3861 1059 3919 Valckenarius
1078 3857 1212 3915 Brunclrio

1234 789 1316 854 1655

95 3947 279 4024 Persemque,
309 3951 354 4023 qui
385 3968 418 4005 ne
450 3953 604 4006 mentionem
632 3946 734 4022 quidem
766 3947 838 4004 illius
864 3931 1060 4020 proscriptionis
1087 3943 1211 3998 fecerunt.
1313 4015 1316 4021 ¹

96 4031 218 4089 Removit
243 4031 411 4090 Valckenarii
433 4031 607 4088 dubitationes
634 4030 705 4087 felici
734 4034 881 4087 coniectura
907 4033 934 4085 in
961 4027 1091 4084 Societate
1112 4027 1212 4081 Graeca

94 4117 208 4174 loannes
229 4115 348 4186 Siebelis,
369 4112 395 4174 el
415 4135 460 4190 pro
481 4111 514 4173 τέ
532 4118 656 4192 reposito.
698 4114 729 4171 ld
749 4132 801 4171 non
824 4112 938 4170 dubitavi
958 4114 1080 4188 recipere.

182 4197 274 4259 1657.
295 4199 383 4278 Vulgo
404 4193 538 4258 Ausim
584 4197 693 4274 Aliquot
714 4197 816 4256 codices
837 4197 943 4255 meliore
964 4214 1070 4254 numero
1092 4187 1212 4253 ἐπέθου.

94 4285 197 4347 Vellem
218 4281 315 4344 πείθει
336 4285 494 4361 praeberent.

182 4366 274 4430 1658.
296 4368 364 4428 Ε11.
385 4375 448 4426 vett.
469 4369 492 4426 l.
514 4367 554 4426 Μ.
576 4367 637 4426 Par.
659 4365 693 4424 A.
715 4366 789 4424 Flor.
811 4365 840 4422 2.
865 4362 915 4422 99.
942 4359 1083 4423 innueris.
1127 4360 1212 4419 Ceteri

94 4459 153 4516 libri
175 4452 312 4525 ἐκτελεῖν,
334 4453 403 4530 quod
423 4455 528 4512 verbum
550 4460 651 4512 utnon
672 4451 863 4556 Euripideum
862 4453 962 4508 notarit
981 4448 1125 4506 Porsonus

179 4537 272 4601 1659.
302 4539 370 4598 Ε11.
392 4545 455 4598 vett.
476 4528 646 4618 πονηράτ’
670 4523 698 4620 A.
743 4534 854 4595 Codices
875 4553 966 4594 omnes
986 4524 1145 4614 πονηράν
1148 4519 1211 4612 A.
