2996 5136
638 357 711 429 137

283 531 443 633 ματρός,
476 533 507 610 ci
533 543 617 626 παῖ,
647 537 787 625 θυσίας

286 659 332 734 ού
359 657 555 758 σεβίζουσα
581 665 684 748 θεός.

284 782 381 886 μίχα
405 814 464 894 τοι
489 783 649 864 δύναται
674 793 823 891 νεβρῶν

286 908 522 1006 παμποίκιλοι
543 913 715 1010 στολίδες,

285 1042 402 1134 κισσῷ
425 1063 465 1109 τε
491 1041 693 1138 στεφθεῖσα
713 1037 810 1135 χλόα
841 1083 847 1090 -

285 1156 482 1259 νάρθηκας
507 1168 556 1246 εἰς
582 1161 714 1264 ἱερούς,

285 1280 452 1382 ῥόμβων,
465 1287 509 1360 θ’
536 1291 752 1387 ἑλισσομένα

286 1405 434 1494 κύκλιος
459 1414 577 1496 ἔνοσις
602 1414 764 1514 αἰθερία,

284 1532 524 1630 βακχεύουσά
549 1539 587 1612 τ’
615 1541 742 1638 ἔθειρα
764 1538 918 1638 Βρομίῳ
999 1584 1003 1595 ·

286 1657 350 1734 καί
369 1660 595 1758 παννυχίδες
619 1666 723 1752 θεᾶς,

286 1783 372 1861 εὖτέ
392 1815 453 1863 νιν
479 1788 645 1885 ὄμμασιν

118 1979 393 1994 Ἥ

118 2109 254 2169 peream
277 2093 456 2167 inescaret,
485 2098 654 2176 placaverit,
684 2099 841 2180 feceritque
862 2110 893 2159 ut
914 2098 969 2172 dii,
1004 2117 1119 2180 qnorum
1144 2119 1227 2162 sacra

118 2175 286 2235 intermissa
306 2197 334 2237 v.
357 2183 558 2243 13531354.
583 2181 687 2241 dictum
705 2191 780 2254 erat,
803 2184 857 2242 iarn
880 2201 979 2242 rursus
1001 2183 1093 2244 solitis
1113 2185 1229 2245 honori*

118 2256 364 2318 instruerentur.
402 2263 574 2344 intelligitur
593 2265 648 2324 inm
669 2284 721 2324 cnr
741 2265 854 2325 tinxerit
870 2275 951 2343 poeta
966 2267 1110 2328 Venerem
1125 2270 1226 2340 inisse,

118 2358 191 2417 quac
212 2342 346 2402 ieoiverit
367 2345 438 2405 iram
460 2365 579 2426 magnae
600 2348 718 2420 matris,
755 2365 872 2427 eamque
895 2350 923 2407 in
946 2351 1065 2430 gratiam
1087 2369 1149 2410 curn
1172 2351 1227 2410 diis

119 2425 283 2485 reduxerit:
317 2428 391 2507 qaod
412 2431 495 2492 aliter
515 2432 598 2512 pieac
618 2431 678 2490 sine
693 2443 801 2490 'caussa
822 2432 964 2490 inventum
986 2430 1142 2492 rideretur.

206 2540 299 2594 1379.
343 2532 442 2597 Libri:
466 2538 540 2622 μέγα
561 2561 608 2601 τοι
630 2534 780 2600 δύνανται.
824 2533 957 2600 Δύνοτοι
978 2536 1157 2599 scribendum
1178 2537 1228 2599 do·

119 2615 178 2674 cuit
197 2613 393 2696 Mosgruvius.

206 2734 300 2787 1381.
337 2725 444 2789 Libri:
467 2731 561 2810 κισσῷ
581 2753 612 2791 τε
633 2734 798 2806 στεφθεῖσα
819 2725 900 2806 χλόα.
930 2727 1069 2790 Matthiae
1089 2727 1123 2788 dc
1146 2729 1229 2788 Mus·

121 2809 213 2885 gravii
244 2811 384 2870 scatentia
410 2816 516 2874 κισσοῦ
548 2814 678 2892 scripsit,
715 2815 881 2893 sequutique
910 2821 975 2872 sunt
1008 2813 1075 2885 eiii,
1114 2823 1144 2871 et
1171 2813 1229 2872 Lo-

122 2891 241 2952 beckius
274 2894 303 2952 in
338 2893 534 2974 Aglaophamo
564 2917 593 2974 p.
615 2902 688 2960 624.
743 2896 808 2975 Ego
836 2894 947 2975 quidem
977 2906 1008 2956 et
1035 2896 1071 2955 ad
1097 2895 1231 2965 Baccheo

120 2997 149 3036 v.
175 2981 247 3041 115.
280 2997 336 3052 nep
356 2998 426 3058 opus
450 2981 505 3038 ista
528 2981 679 3042 mutatione
700 3000 765 3040 esso
788 2979 927 3051 iudicavi,
956 2990 986 3038 et
1008 3000 1080 3040 nunc
1103 2981 1141 3038 ita
1163 2999 1229 3040 sen·

122 3059 174 3132 tio,
199 3061 366 3141 praesertim
388 3082 471 3142 quum
493 3081 604 3134 conum,
627 3083 709 3142 quem
732 3064 926 3142 praefigebant
947 3062 1054 3142 thyrsis
1078 3061 1156 3142 (nam
1178 3083 1228 3123 eos

123 3143 193 3202 dicit
213 3138 400 3225 νάρθηκος),
420 3141 513 3224 χλόην
533 3146 676 3224 appellare
692 3144 831 3205 videatur.
876 3145 1000 3224 Copiose
1021 3145 1057 3206 dc
1079 3146 1178 3225 thyrso
1201 3157 1231 3208 et

123 3228 259 3290 nartheca
281 3225 482 3300 disserentem,
506 3231 552 3308 qni
575 3230 733 3288 accuratius
755 3247 814 3288 rem
830 3247 1006 3306 cognoscere
1014 3228 1127 3300 ,volent
1149 3227 1229 3291 adire

124 3321 257 3387 poterunt
283 3309 321 3370 F.
346 3311 384 3371 G.
407 3312 579 3374 Schoenium
607 3312 636 3370 in
661 3313 895 3372 commentatione
927 3310 963 3371 de
985 3330 1169 3392 personarum
1199 3312 1229 3372 in
1336 3341 1340 3348 ·

122 3391 271 3473 Euripidis
291 3393 459 3457 Bacchahus
481 3395 576 3462 habitu
599 3396 715 3456 scenico
738 3416 766 3474 p.
785 3403 836 3458 89.
860 3414 941 3474 seqq.
1101 3417 1102 3422 ¹

209 3500 301 3554 1³82.
342 3494 426 3554 Libri
447 3493 488 3570 ἐς.
532 3493 667 3555 Correxit
689 3495 841 3556 Beothius.

210 3601 301 3655 1383.
344 3593 425 3654 Libri
448 3592 562 3672 όόμβω.
596 3593 792 3673 Musgravium
810 3594 921 3675 sequuti
937 3588 1055 3676 ῥόμβου
1068 3577 1228 3666 ediderunt}

124 3675 198 3756 quod
228 3676 349 3736 adscivit
375 3677 538 3740 Lobeckius
576 3677 605 3736 in
633 3677 828 3758 Aglaopdunto
856 3699 885 3760 p.
909 3685 981 3741 624.
1033 3677 1109 3737 Mihi
1137 3677 1167 3738 id
1195 3697 1231 3736 ex

124 3759 250 3844 ῥόμβου
270 3772 363 3820 natum
384 3761 545 3824 videbatur.

210 3866 304 3922 1384.
347 3861 430 3923 Libri
451 3861 593 3934 κυκλίοις.
636 3858 806 3921 Emendavit
827 3861 968 3939 Saetiger.

210 3966 304 4022 1385.
349 3958 426 4022 Edd.
447 3971 518 4021 vett.
543 3956 728 4040 βακχεύουσά
750 3957 775 4020 τ’
799 3955 901 4039 ἔθειρα
921 3956 1065 4036 βρομίαν.
1107 3953 1186 4014 Flor.
1201 3964 1230 4014 2.

127 4042 205 4106 Vict.
231 4043 357 4120 βρομλω.
400 4043 485 4104 Unde
499 4043 641 4104 Matthiae
657 4045 782 4104 restitnit
797 4042 928 4122 Βρομίῳ.
971 4038 1095 4100 Firmani
1110 4039 1135 4095 si
1149 4055 1230 4118 opos,

127 4128 193 4188 fecit
215 4126 371 4188 Etmsieios
392 4125 427 4187 ad
449 4128 557 4188 Bacch.
573 4131 625 4189 65.

144 4235 146 4240 ’
211 4235 304 4290 1387.
349 4225 433 4288 Lidri
453 4245 536 4287 corru
557 4224 683 4286 tissime:
712 4216 746 4286 εὖ
768 4221 800 4284 ds'
818 4245 866 4283 νιν
886 4217 997 4298 όίμασιν
1015 4216 1166 4300 ὑπέρβαλε
1187 4237 1233 4282 σε·

126 4306 210 4375 deiru.
242 4315 350 4396 μορφᾷ
380 4307 475 4391 μόνον
501 4323 610 4389 mopere.
658 4307 705 4366 Ex
731 4305 775 4366 his
798 4305 821 4364 si
845 4305 908 4384 quis
929 4301 1047 4382 aliquid,
1073 4301 1145 4381 quod
1167 4323 1232 4382 pro·

128 4395 221 4456 habile
242 4394 335 4456 videri
363 4395 474 4474 possit,
510 4393 624 4454 efficere
651 4391 743 4463 rotet,
783 4407 836 4448 non
862 4387 989 4446 inveniet
1010 4388 1094 4447 ulium
1123 4387 1152 4446 in
1175 4397 1233 4446 toto
1318 4393 1320 4396 ’

127 4477 266 4558 Euripide
289 4479 379 4558 mabds
400 4476 578 4557 desperatum
602 4476 704 4536 locam.
743 4470 871 4550 Borgkio
892 4470 1070 4532 coniecturas
1090 4471 1233 4532 festinanti

129 4561 185 4635 irie,
210 4553 286 4641 qnod
304 4579 519 4642 saepenumero,
538 4558 655 4632 accidit,
670 4569 711 4632 nt,
728 4577 800 4641 quac
812 4554 916 4623 niicubi
928 4554 1047 4637 legisset
1058 4554 1232 4640 nudissimum
