2974 5138
808 305 858 380 26

459 484 570 558 ἔνθεν
595 479 773 580 ὀλόμενον
799 481 944 584 σκάφος

457 605 697 705 συναρμόσας
721 608 742 684 ό
768 609 987 710 Πριαμίδας

453 735 600 809 ἔπλευσε
623 734 812 835 βαρβάρῳ
836 731 958 834 πλάτᾳ

398 923 402 934 .
453 855 526 933 τάν
551 856 646 955 ἐμὰν
670 858 733 958 ἐφ’
759 857 898 949 ἑστίαν,

455 980 514 1055 ἐπὶ
537 981 580 1056 τὸ
607 980 782 1078 δυςτυχὲς
804 1011 844 1059 τε
867 980 1000 1068 κάλλος

454 1104 505 1188 ὥς
529 1102 655 1208 γόμον
680 1104 790 1205 ἐμόν,
816 1109 843 1182 ἅ
866 1139 906 1184 τε
931 1106 1066 1196 δόλιος,
1188 1119 1193 1126 ’

457 1231 483 1304 ἁ
507 1231 733 1315 πολυκτόνος
756 1235 911 1334 Κύπρις,

452 1354 659 1440 Δαναΐδαις
683 1355 855 1435 θάνατον
880 1359 1026 1463 ἄγουσα

453 1479 706 1579 Πριαμίδαισό
727 1485 778 1574 τ’,

452 1601 482 1677 ιδ
506 1602 663 1682 τάλαινα
689 1616 898 1710 συμφορᾶς.

569 1773 571 1778 ·
644 1748 930 1850 ἄντιστροφὴ
960 1751 1005 1852 μ’.

450 1882 491 1958 ἐν
515 1881 556 1958 δὲ
578 1885 749 1984 χρυσέοις
774 1881 929 1984 θρόνοις

356 2173 399 2236 V·
422 2180 496 2235 242.
539 2173 637 2233 Libri:
663 2171 712 2236 ἒπλ
734 2169 768 2235 τό
792 2170 930 2253 δυςτυχὲς
950 2167 1067 2247 κόλλος.
1111 2173 1223 2232 inserui
1240 2194 1281 2233 τε.

356 2273 398 2334 V.
422 2281 496 2336 243.
539 2272 640 2333 Librir
674 2271 716 2345 ὥς
737 2273 799 2336 ἕλοι
820 2270 918 2355 γόμον
939 2270 1021 2347 dede.
1053 2269 1129 2333 ἆδὲ
1150 2270 1260 2349 δόλιος,
1283 2269 1303 2334 oi
1326 2296 1381 2335 πο-

272 2351 417 2430 λόκτονος
438 2357 572 2437 Κόπρις,
595 2357 770 2420 redundante
783 2359 894 2438 integro
907 2357 999 2439 pede,
1023 2356 1217 2436 sententiaque
1230 2358 1381 2416 enunciata

272 2438 496 2518 languidissime.
540 2440 657 2501 Adiecit
676 2443 778 2522 aliquis
798 2439 876 2514 ἕλοι,
897 2443 943 2521 qni
968 2462 1023 2500 non
1042 2439 1154 2499 videret
1174 2437 1215 2513 ὥς
1233 2443 1381 2520 praeposi·

272 2523 357 2582 tionis
373 2525 435 2586 ioco
448 2545 525 2587 csse.
563 2525 620 2599 Qui
634 2545 700 2585 usus
712 2527 766 2586 etsi
778 2526 926 2586 alieniora
941 2524 1118 2596 meliorest,
1134 2533 1228 2582 tannen
1244 2524 1286 2583 sic
1298 2543 1380 2604 quarn

271 2604 303 2677 ἐς
319 2605 418 2687 γόμον
438 2610 536 2670 dicere
554 2609 670 2682 maluit,
692 2609 814 2689 quodid
832 2610 963 2669 usitatum
985 2617 1031 2668 est
1051 2605 1087 2666 de
1108 2607 1161 2678 iis,
1184 2607 1231 2686 qni
1249 2606 1285 2666 ad
1303 2609 1380 2669 celc-

270 2689 427 2752 brationern
440 2695 599 2772 nuptiarum
614 2693 739 2753 veniunt.
784 2692 816 2751 ln
830 2693 865 2752 iir
876 2711 949 2772 quac
965 2701 1120 2770 sequuntur
1135 2701 1256 2750 accentu
1273 2702 1381 2752 mutato

271 2773 456 2848 πολυκτόνος
480 2775 605 2835 restituit
621 2774 658 2833 L.
677 2772 855 2835 Dindnriius.
905 2773 990 2848 Quod
1013 2772 1050 2833 ad
1074 2774 1240 2833 sententiani
1263 2776 1378 2850 attinet,

270 2855 411 2918 Matthiae
430 2859 569 2937 suspicari
586 2857 706 2935 aliquem
726 2875 810 2936 posse
831 2856 917 2928 dicit,
949 2854 1129 2917 scribendum
1150 2877 1215 2917 esse
1233 2853 1253 2918 δι’
1274 2881 1305 2918 τε
1328 2858 1379 2922 δό-

270 2945 344 3013 λιος,
366 2940 563 3022 iungendoque
583 2939 653 3000 baec
673 2959 735 2999 eu·
756 2939 1010 3018 praecedentibus,
1032 2951 1064 3000 ut
1080 2959 1117 3000 ex
1134 2942 1273 3000 communi
1289 2945 1379 3004 verbo

271 3021 394 3088 ἔπλευσε
411 3023 573 3102 pendentia.
618 3022 678 3084 Sed
696 3023 795 3084 meiius
813 3043 877 3083 csse
895 3025 953 3096 ait,
984 3024 1055 3084 baec
1071 3034 1210 3103 tamquam
1223 3024 1252 3083 in
1274 3045 1379 3104 paren·

177 3103 180 3115 '
270 3105 345 3166 theri
366 3108 476 3187 posita,
505 3127 596 3187 neque
614 3107 650 3166 ad
673 3107 835 3187 primariam
857 3109 1023 3167 sententian
1043 3107 1214 3187 pertinentia
1230 3109 1377 3187 accipere,

269 3191 310 3250 ita
328 3201 359 3252 ut
372 3190 409 3251 ad
426 3192 626 3252 nominativum
646 3187 708 3252 α’πό
723 3196 830 3253 κοινοῦ
844 3189 1028 3270 repetendum
1045 3193 1083 3251 sit
1100 3191 1232 3266 ἔπλευσε,
1250 3193 1295 3251 vei
1313 3213 1379 3254 ver·

268 3273 334 3334 burn
356 3285 494 3353 cognatae
517 3275 731 3354 significationis
751 3273 949 3355 cogitandum,
979 3274 1133 3352 ἐφέσπετο.
1180 3274 1222 3334 At
1245 3273 1275 3334 id
1290 3278 1377 3338 multo

268 3356 448 3436 impeditius,
470 3355 591 3439 ideoque
611 3357 737 3420 deterius
756 3370 817 3419 esta
840 3361 937 3430 irnnro,
961 3360 985 3418 si
1003 3356 1170 3418 servandum
1186 3357 1207 3421 ἆ
1225 3357 1267 3432 δέ,
1288 3360 1378 3428 inter·

267 3441 353 3521 pungi
375 3440 494 3501 deberet
514 3444 572 3501 sic:
596 3439 615 3503 oi
635 3445 667 3504 δὲ
688 3441 797 3518 δόλιος,
820 3440 839 3502 ό
861 3440 1056 3517 πολυκτόνος,
1078 3441 1216 3520 Κόπριςε
1238 3459 1311 3522 quoe
1324 3465 1378 3504 αιι-

268 3535 322 3586 cem
335 3526 434 3586 dolore
448 3525 525 3604 suit,
551 3545 625 3604 quoe
641 3528 791 3604 perdrbrric
805 3527 968 3598 mullorum,
995 3527 1171 3606 Venussur't.
1218 3525 1278 3586 Sed
1292 3548 1376 3606 prae-

268 3617 339 3678 stat,
361 3605 435 3687 qnod
456 3609 573 3687 recepi,
594 3606 613 3669 ό
634 3631 665 3669 τε
687 3606 803 3683 δόλιος,
825 3611 887 3688 ipso
909 3621 1025 3669 auctore
1048 3608 1209 3689 Euripide,
1231 3629 1313 3688 quern
1335 3614 1375 3672 ci-

266 3692 336 3762 tavit
354 3691 514 3764 Matthiae,
536 3691 644 3752 Troad.
661 3713 690 3752 v.
707 3700 779 3756 940.
800 3693 849 3752 nbi
863 3692 993 3753 Helena:

436 3783 509 3869 ἦλθ’
531 3789 599 3872 oripi
621 3788 732 3873 μικρόν
751 3787 829 3854 θεόν
850 3791 926 3871 ἔχων
947 3789 1042 3856 αότοῦ
1063 3791 1136 3872 piru

273 3911 277 3918 ·
324 3939 326 3945 ,
435 3873 453 3938 ό
479 3873 559 3954 τῆςδ
579 3874 736 3956 diducere,
762 3873 814 3938 εἴτ’
832 3872 1025 3958 Ἀλέξανδρον
1045 3877 1146 3952 θέλεις

435 3956 561 4039 όνόματι
581 3964 773 4040 προςφιινεῖν
793 3983 858 4035 νιν,
881 3960 939 4023 εἴτε
959 3961 1010 4023 καλ
1031 3959 1143 4044 Πόριν.

264 4061 304 4122 Ει
323 4084 351 4123 v.
374 4071 448 4129 983.
473 4081 509 4124 ex
529 4061 666 4122 Hecubae
686 4080 826 4142 persona:

431 4159 554 4241 Κόπριν
575 4157 600 4223 δ’
624 4159 737 4239 ἔλεξας,
758 4167 849 4224 ταῦτα
869 4157 925 4243 γὰρ
947 4159 1040 4244 γέλως
1061 4161 1166 4242 πολός,

434 4247 536 4309 ἐλθεῖν
558 4243 620 4328 ἓρρλ
640 4242 695 4322 ξόν
716 4245 800 4309 παιδὶ
822 4245 965 4309 Μενέλεω
988 4243 1110 4327 δόμους.

271 4323 274 4329 ¹
345 4345 387 4405 V.
408 4350 482 4408 245.
526 4346 624 4408 Libri:
649 4349 814 4424 Δαναΐδαις
833 4346 948 4430 όγουσα
969 4344 1107 4410 artemo
1126 4349 1310 4432 Πριαμίδαις·
1330 4374 1370 4428 τε,

264 4441 336 4510 qnae
356 4429 455 4490 metris
471 4428 604 4490 indicium
625 4431 795 4494 iacientibus
817 4429 988 4514 corrigenda
1006 4433 1131 4494 inerunt.

347 4525 388 4590 V·
410 4535 484 4594 2⁴8.
528 4527 628 4587 Litn=
651 4528 673 4611 ἡ
696 4531 729 4598 δὲ
750 4532 887 4615 χρυσέοις
906 4529 1034 4616 θρόνοις
1052 4529 1127 4609 Διός
1147 4529 1369 4615 όπαγκόλισμιι.
