2994 5128
803 315 852 389 16

676 515 762 588 HA
768 517 801 586 Ε
807 515 848 586 K
854 515 976 588 TPA.

260 696 377 779 οὕτως
402 695 473 789 ἔχει
500 637 611 782 solrl’,v
628 690 712 776 ἀπ’
742 685 938 790 ἀποίρηκον
962 691 1098 771 κακοῖς.

719 887 798 960 ΕΛ
806 889 885 959 ΕΝ
888 887 939 960 Η.

260 1038 352 1138 πρὸς
379 1042 507 1128 θεῶν,
533 1037 654 1114 πίθοι’
685 1035 735 1112 ἀν
760 1032 856 1132 δῆτά
881 1031 948 1133 μοί
971 1061 1028 1122 τι,
1055 1030 1242 1132 παρθένος

635 1231 640 1238 ’
669 1231 1001 1304 ΗΛΕΚΤΡΑ.’

260 1383 311 1467 ὥς
337 1378 493 1478 ἄσχολός
522 1411 564 1484 γε
591 1379 779 1486 συγγόνου
806 1377 1014 1485 προςεάρίη.

709 1556 930 1652 estune.

258 1725 386 1828 βούλει
411 1687 536 1829 colcos(
561 1757 625 1826 μοι
651 1726 742 1828 πρὸς
766 1723 989 1831 κασιγνήτης
1013 1729 1164 1823 μολεῖνς
1281 1829 1287 1839 ι

312 2029 318 2036 .
677 1923 978 1997 HAEKTPA.
1061 1885 1070 1902 ’

210 2107 252 2172 95
260 2075 399 2174 μητρὸς
423 2070 577 2159 κελεύεις
601 2081 666 2172 τῆς
691 2076 799 2172 ἀμῆςς
824 2072 926 2158 τίνος
946 2068 1061 2171 χάριν
1068 2101 1082 2160 ,·

720 2269 800 2342 ΕΛ
807 2273 882 2343 ΕΝ
888 2271 939 2342 Η.

260 2417 377 2518 κόμης
402 2417 574 2520 ἀπαρχὰς
597 2419 661 2495 καὶ
681 2417 776 2516 χοάς
802 2417 955 2520 ‹pe'povo'
985 2391 1088 2514 ἐμάς.

676 2593 721 2663 Η
725 2591 766 2664 Λ
774 2593 806 2663 Ε
811 2595 852 2662 Κ
857 2593 980 2663 ΤΡΑ.

309 2741 320 2766 ἱ
375 2742 385 2768 s
446 2739 499 2768 ³&
644 2739 655 2768 x
767 2739 776 2768 t
836 2737 872 2766 ,Ι
1042 2735 1053 2764 Ι
1191 2730 1201 2762 ί
1292 2766 1300 2782 .

262 2765 322 2817 σοι
348 2740 373 2816 ἀ
417 2770 501 2837 ουχι
525 2743 685 2838 θεμιτον
710 2769 802 2840 προς
826 2747 949 2839 φιλοιν
975 2760 1130 2833 στοιχειν
1153 2762 1297 2834 ταφον,

348 3045 400 3111 91.
429 3045 594 3126 Legebatur:
626 3039 693 3120 (ἀς-ε’
724 3040 860 3128 ἀπείρηκ’
894 3042 927 3108 ἐν
955 3049 1069 3118 κακοῖς.
1111 3043 1143 3103 ll
1164 3043 1321 3120 scholiasta
1343 3065 1393 3123 pro

263 3127 415 3214 ἀπείρηκα
436 3138 574 3210 accipiunt.
616 3135 649 3192 ln
670 3131 741 3213 Aug.
770 3155 793 3194 c.
824 3141 883 3192 ante
910 3135 1094 3192 correctionem
1115 3131 1201 3188 luerat
1222 3121 1393 3209 ἀπειρήκα-

262 3237 328 3295 μεν.
370 3220 514 3289 Perseum,
535 3223 650 3278 sumeris
671 3224 764 3296 opinor
784 3219 917 3290 offensus,
952 3237 1030 3294 quum
1051 3207 1119 3286 nte?
1143 3209 1303 3295 ἀπείρηκεν
1324 3219 1392 3273 scri·

263 3309 324 3380 psit,
346 3302 414 3378 qnol
434 3303 539 3362 Electra
560 3323 611 3362 suu
631 3305 701 3362 mola
726 3309 800 3382 parvi
820 3304 923 3382 peulut,
944 3321 1028 3379 nequo
1057 3320 1088 3360 es
1108 3307 1233 3358 memoret
1254 3303 1308 3358 uisi
1329 3319 1393 3376 qus·

263 3397 340 3446 tenus
363 3407 396 3444 ex
418 3389 506 3446 fratris
527 3392 615 3447 inorbo
637 3392 767 3459 oriuntur,
803 3408 833 3446 se
854 3393 911 3466 ipse
930 3386 1033 3446 videtur
1054 3387 1177 3446 refutare.
1219 3384 1280 3442 Hoc
1301 3387 1391 3462 potius

263 3484 418 3547 argumento
439 3474 478 3528 nti
499 3470 619 3542 debebat,
647 3472 715 3548 quod
735 3471 780 3531 hio
800 3494 852 3532 nou
874 3474 906 3531 de
926 3472 1044 3542 Electra,
1065 3469 1112 3528 sed
1133 3469 1165 3528 de
1188 3467 1282 3527 Oreste
1302 3488 1390 3527 sermo

264 3562 343 3612 esset.
386 3552 428 3610 Ac
455 3554 558 3614 videtur
585 3551 746 3636 ἀπείρηκεν
773 3561 879 3628 κακοῖς
906 3560 934 3616 in
955 3557 1023 3616 Ven.
1045 3575 1070 3614 o.
1091 3573 1160 3624 esse,
1195 3573 1229 3612 ex
1250 3573 1300 3630 quo
1322 3552 1390 3612 nilril

263 3637 451 3714 discrepantiae
472 3655 488 3697 a
508 3641 620 3700 Perconi
641 3647 770 3718 scripturn
790 3643 897 3700 allatum
919 3649 970 3700 est.
1017 3639 1147 3699 Fortasse
1166 3642 1205 3697 ita
1224 3640 1289 3718 legit
1309 3641 1388 3696 etiam

264 3723 420 3782 scholiastes
438 3724 511 3784 Flor.
534 3725 584 3784 21.
606 3731 649 3804 qui
672 3730 793 3803 scripsit:
815 3719 912 3799 οὕτως
932 3719 990 3803 ’ἔχει
1013 3716 1207 3808 ὅὈρίοεης,
1228 3715 1272 3794 ὡς
1291 3718 1391 3800 μηδὲν

264 3803 378 3886 ίοχάειν
405 3803 466 3869 ἀπὸ
493 3811 555 3870 τῶν
582 3811 693 3870 κακῶν.
736 3811 814 3876 Quot
843 3811 915 3870 adlit
935 3811 1088 3880 Porsonus,
1123 3810 1240 3867 Graecos
1261 3800 1390 3888 ἀπειρη·

265 3890 360 3966 κίναι,
384 3887 519 3955 ἀπειπεῖν
541 3899 661 3968 κακοῖς,
690 3915 743 3955 nou
764 3894 797 3958 ἐν
817 3901 922 3967 κακοῖς
943 3895 1043 3966 (licere,
1070 3895 1229 3953 refutatione
1248 3912 1302 3952 nou
1321 3892 1389 3951 inlr·

264 3987 319 4060 get.
361 3980 469 4039 Rectius
490 3980 556 4039 illul
577 3979 735 4052 srlslitlissel,
764 3982 842 4040 side
864 4002 894 4040 se
916 3980 1013 4040 diceret
1033 3979 1139 4038 Electra
1158 3970 1226 4049 sics'
1249 3969 1385 4056 ἀπιίρηκ’

264 4061 297 4124 ἐν
318 4069 432 4136 κακοῖς,
455 4067 535 4123 nimis
556 4069 702 4143 inportune
722 4067 853 4126 Helenam
874 4085 975 4145 rogare,
996 4072 1026 4124 ut
1045 4065 1156 4123 iulos-iss
1176 4061 1210 4122 κά
1230 4064 1322 4121 manis
1349 4069 1388 4120 tu·

263 4152 360 4208 urulurn
383 4150 494 4210 deleret.

349 4233 401 4294 93.
422 4235 484 4292 Hoc
505 4231 581 4292 licit:
601 4231 754 4314 πιθοίμην
774 4228 813 4295 ἀν
833 4253 883 4296 σοι
905 4226 1017 4306 οὕτως,
1040 4223 1082 4304 ὡς
1103 4223 1236 4308 ἀοχολός
1255 4218 1387 4310 γεοάοο

266 4315 414 4399 συγγόνου
429 4316 610 4404 προςεάρίηκ
632 4325 676 4381 lto
696 4323 748 4382 titt
759 4323 960 4396 otteruperolo,
978 4327 1010 4379 st
1029 4321 1139 4394 ηαῖιῖιπ
1159 4325 1296 4392 competo
1315 4319 1386 4376 ussi·

266 4407 356 4464 dendo
379 4409 456 4480 οραά
475 4408 601 4480 semron,
623 4405 650 4464 lr.
672 4427 696 4466 e.
718 4414 841 4484 qnantum
862 4413 960 4482 potero,
984 4421 1052 4480 qnae
1071 4421 1123 4461 non
1143 4399 1252 4474 habesne
1273 4401 1366 4460 otium.

351 4487 403 4546 97.
430 4490 578 4549 Bruuclrius
606 4511 639 4549 ex
667 4489 729 4550 Pa'r.
757 4490 792 4550 Δ.
820 4486 933 4571 φίλων,
964 4488 1033 4565 quod
1064 4493 1106 4544 ost
1126 4487 1238 4546 ίοείοιοο
1259 4487 1338 4544 etism
1358 4487 1387 4544 iu

267 4571 333 4631 Vsu.
356 4591 381 4630 a.
403 4572 480 4633 Certe
500 4575 567 4640 Ven.
591 4579 614 4636 b.
637 4597 696 4638 cum
717 4574 780 4636 All.
801 4583 829 4638 st
849 4577 943 4634 ceteris
963 4574 1037 4633 libris
1059 4567 1157 4654 φίλον.
