3022 5140
776 280 827 354 llO

181 464 318 538 senooz
344 460 526 560 ἐξικμάζω
550 463 614 539 καὶ
640 463 831 567 λογίζομαι
855 463 975 555 κακά,·

248 589 328 682 ἥτις
352 585 502 691 σφαγὰς
524 586 596 686 μὲν
611 589 784 689 Ἕκτορος
807 588 1056 689 τροχηλάτους

248 712 420 789 κατεῖδον
443 718 600 813 οἰκτροῖς
624 715 662 789 τ’
681 714 793 791 Ἴλιον
818 713 1069 817 πυρούμενον,

249 836 343 932 αὐτὴ
363 837 405 914 δὲ
431 836 546 934 δούλη
571 847 665 923 ναῦς
690 839 749 914 ἔπ’
772 841 947 946 Ἀργείων
971 842 1076 940 ἔβην,

248 958 366 1060 κόμης
390 964 669 1040 ε’τιισπαοθεῖσ’·
696 963 774 1039 ε’κεὶ
798 964 838 1042 ci'
865 963 1058 1066 ἀφικόμην

180 1086 402 1178 notabatur,
430 1097 610 1190 φονεῦσιν
624 1089 799 1192 Ἕκτορος
823 1088 1076 1191 νυμφεύομαι.
1109 1136 1111 1140 -

248 1211 286 1288 τί
310 1212 395 1309 δῆτ’
421 1215 503 1313 ἐμοὶ
527 1213 594 1310 ζῆν
618 1213 715 1311 ἡάύ;
741 1214 834 1315 πρὸς
856 1214 894 1291 τί
915 1215 988 1315 χρὴ
1016 1216 1182 1314 βλέπεινς

249 1336 342 1436 πρὸς
365 1337 433 1424 τάς
457 1337 649 1441 παρούσας
672 1339 696 1438 ἢ
722 1338 983 1439 παρελθούσας
1004 1337 1119 1437 τύχας
1126 1373 1139 1432 ,·

251 1462 302 1546 εἷς
326 1470 413 1549 παῖς
437 1463 499 1541 ott'
524 1463 572 1560 ἦν
596 1495 662 1564 μοι
687 1465 813 1550 λοιπὸς
837 1465 1037 1566 ὀφθαλμὸς
1060 1463 1167 1561 βίον·

252 1596 386 1666 τοῦτον
409 1596 560 1666 κτανεῖν
584 1591 799 1690 μέλλουσιν,
825 1590 880 1675 οῖς
903 1591 1008 1666 δοκεῖ
1027 1588 1128 1667 τάδε.

182 1713 298 1792 495ού
323 1713 419 1812 δῆτα
443 1723 512 1792 τοῦ
533 1717 621 1815 ’μοιῖ
649 1717 689 1820 γ’
714 1716 841 1792 οὕνεκ’
868 1713 1007 1792 ἀθλίου
1030 1715 1137 1815 βίου·

252 1841 292 1913 ἐν
315 1839 413 1940 τῷδε
437 1839 508 1939 μὲν
533 1839 607 1944 ηάρ
633 1839 751 1936 ε’λττίς,
774 1847 806 1916 ελ
829 1837 1055 1935 σωθήσεται·

250 2096 324 2176 apml
344 2096 478 2156 liidtlium
500 2120 529 2178 p.
547 2099 621 2160 381.
644 2095 806 2168 Porsonus,
839 2099 919 2156 cuins
940 2097 1148 2158 adnotationem
1173 2095 1288 2156 scholiis
1312 2117 1362 2180 ap·

251 2182 344 2259 posuit
364 2181 515 2246 Matthiae.
563 2180 646 2240 Nihil
668 2179 842 2241 mutandum.
890 2184 965 2259 Quid
993 2203 1119 2261 querar,
1150 2181 1257 2260 inquit,
1287 2182 1365 2259 qnod

247 2266 358 2342 prolem
375 2269 488 2344 peperi,
512 2275 541 2325 el
562 2285 618 2325 non
631 2267 730 2344 potins
739 2268 907 2344 praesentia
924 2267 1012 2346 drsseo
1028 2268 1115 2336 mala,
1139 2284 1212 2344 qaae
1228 2267 1362 2335 Hectore,

247 2350 360 2425 patr-ait,
384 2349 517 2410 lt'bertate
537 2351 655 2420 amasso,
677 2351 754 2408 καλεῖ
771 2348 904 2419 habeam,
928 2369 983 2427 pao
1004 2352 1063 2409 aila
1085 2350 1157 2408 ιιιίλί
1171 2348 1296 2407 ineunda
1312 2349 1362 2418 sit,

250 2432 309 2489 sa'oe
325 2443 523 2510 praesentem,
546 2434 813 2511 sempronianum
826 2431 980 2512 fortunam
1001 2443 1133 2511 spectem.
1182 2433 1272 2492 Unam
1297 2431 1368 2490 ιιιιλι·

250 2515 382 2574 calatriam
404 2518 534 2576 relietum
553 2525 636 2586 erat,
649 2515 745 2595 filius.
790 2518 872 2575 Hune
892 2534 997 2575 necare
1017 2516 1128 2575 voluat.

332 2612 405 2676 395.
444 2608 605 2693 Ἐξικμύζω
633 2625 711 2673 recte
741 2613 907 2673 scholiastes
934 2632 986 2693 per
1010 2607 1128 2694 δακρύω
1149 2613 1283 2692 explicat.
1329 2611 1361 2671 ln

250 2695 390 2777 llcsyclrii
406 2699 517 2776 glossa,
546 2691 736 2776 ἐξικμύζεται,
757 2691 915 2772 ἐξόλλυται,
936 2695 1097 2771 ἐξικνεῖται,
1119 2697 1198 2776 prior
1213 2694 1364 2776 explicatio

251 2777 288 2839 al
316 2799 351 2839 ca
376 2791 502 2860 spectat,
532 2799 604 2859 quae
626 2779 753 2839 detracto
775 2780 892 2840 humore
914 2779 1040 2839 arefacta
1061 2778 1243 2858 dispereant,
1275 2777 1364 2838 altera

252 2860 288 2921 ad
310 2863 400 2941 ipsum
422 2864 579 2922 humorem.

335 2962 408 3024 396.
453 2961 607 3020 Barnesius
628 2971 693 3041 post
712 2961 788 3020 hunc
807 2980 919 3021 versum
942 2960 977 3021 ‹le
999 2982 1050 3021 suo
1071 2962 1146 3020 hunc
1170 2961 1290 3021 inscruit
1309 2982 1365 3019 non

254 3044 389 3125 optimum
409 3042 460 3105 καλ
479 3040 561 3106 παῖδ’
586 3040 790 3124 ἀποβληθέντα
813 3040 977 3127 Περγάμων
998 3040 1109 3126 ἀκρον,
1136 3045 1203 3124 quia
1223 3043 1366 3124 Astyana-

253 3127 306 3186 ctis
337 3128 507 3188 mentionem
536 3128 718 3207 praeteritam
747 3147 810 3188 esse
841 3149 896 3187 non
928 3131 965 3188 sit
993 3128 1140 3188 credibile.
1193 3126 1269 3186 Sane
1291 3128 1366 3187 illins

253 3209 377 3270 crudelis
399 3212 491 3271 obitos
513 3222 748 3272 commemoratus
770 3213 806 3270 ab
821 3210 1026 3288 Andromacha
1045 3212 1134 3270 estin
1151 3211 1269 3291 prologo
1286 3233 1313 3270 v.
1332 3212 1363 3274 9.

253 3294 295 3353 At
316 3295 401 3354 etiam
422 3295 497 3355 inira
525 3315 554 3355 v.
571 3294 644 3359 452.
663 3315 744 3374 seqq.
769 3316 935 3376 quamquam
958 3297 998 3354 ibi
1019 3305 1114 3366 recte,
1145 3295 1241 3353 omisit
1259 3293 1367 3375 Astya-

253 3389 375 3438 nactem.
419 3377 523 3458 Neque
544 3379 592 3437 hic
614 3397 670 3436 non
692 3380 822 3438 consulto
844 3380 1059 3460 praetermissas
1081 3376 1203 3450 videtur,
1231 3379 1298 3457 quia
1319 3379 1367 3437 vix

253 3460 399 3523 commode
420 3463 525 3521 mentio
546 3463 609 3521 eius
631 3463 693 3521 lieri
715 3474 838 3542 potarat,
863 3464 918 3521 nisi
940 3483 1004 3521 cnm
1020 3459 1140 3541 quadam
1156 3462 1367 3540 comparatione

252 3545 409 3624 praesentis
430 3545 513 3616 mali,
549 3545 703 3604 utiterum
726 3546 780 3605 sihi
801 3546 874 3626 eripi
896 3546 984 3604 lilium
1006 3556 1036 3604 et
1056 3547 1140 3604 morti
1162 3543 1224 3604 dari
1244 3543 1364 3604 diceret.

251 3627 394 3686 Acerbior
419 3639 513 3687 autom
543 3626 634 3688 videri
655 3627 856 3709 Astyanactis,
889 3649 972 3708 quam
993 3628 1115 3688 Molossi
1136 3647 1212 3688 mors
1234 3626 1365 3697 debehat,

224 3763 227 3770 .
253 3729 372 3790 quornm
394 3711 468 3770 alter
489 3711 616 3788 legitimo
638 3714 772 3792 coniugio
793 3724 823 3771 et
838 3714 919 3790 regio
941 3713 1005 3771 loco
1027 3722 1109 3771 natus
1131 3731 1182 3771 rex
1197 3711 1301 3770 Troiae
1323 3710 1368 3768 la·

250 3805 330 3853 turus
351 3805 430 3867 erat,
463 3795 537 3856 alter
557 3814 594 3856 ex
615 3796 727 3876 captiva
748 3796 844 3855 servili
866 3795 1002 3876 obsequio
1024 3796 1137 3875 geniem
1158 3795 1295 3874 originem
1317 3793 1368 3852 ha·

251 3877 300 3937 loct
320 3897 376 3937 noa
397 3897 516 3938 vacuam
538 3880 660 3938 macula.

334 3978 408 4041 399.
453 3977 539 4038 Lasc.
562 3978 642 4038 Alo.
656 3978 721 4038 rell.
744 3971 972 4040 ἀκοσκασθεῖύ.
1014 3977 1084 4038 Par.
1104 3976 1146 4037 Α.
1170 3975 1207 4035 Β.
1226 3974 1266 4036 D.
1285 3975 1367 4034 Flos.

252 4058 303 4125 lo.
322 4062 373 4123 lo.
392 4060 488 4122 llavn.
507 4057 724 4137 ἐκιστιασθεῖσῖ,
745 4072 778 4120 nt
791 4061 948 4122 Piersonus
964 4071 1130 4120 correxerat
1145 4059 1245 4119 Veris.
1269 4081 1297 4139 p.
1314 4060 1367 4122 72.

335 4159 409 4223 990.
455 4159 525 4222 nlo.
544 4163 608 4222 rell.
627 4159 751 4240 φονεῦσλ
773 4155 808 4222 θ’
829 4155 982 4242 Ἕκτορος.
1026 4157 1142 4218 (laeteri
1164 4162 1306 4237 φονεῦσιν
1316 4154 1370 4216 ‘'E-

251 4262 408 4387 mamilli.
454 4326 523 4387 All.
548 4329 612 4388 rell.
635 4331 752 4390 κτενεῖν.
794 4326 880 4388 Lasc.
904 4336 935 4385 et
955 4323 1039 4386 coll.
1063 4329 1186 4388 κτανεῖν.
1214 4391 1216 4396 ,

278 4490 295 4514 Η
337 4409 409 4514 495.
455 4415 543 4476 Taur.
569 4417 666 4476 Gucll.
690 4415 760 4476 All.
785 4416 849 4476 roll.
874 4409 973 4477 εἵνεκ’.
1016 4415 1102 4476 Lasc.
1126 4426 1157 4476 et
1177 4411 1284 4474 caeteri
1306 4408 1370 4468 libri

258 4516 368 4556 ουνεκ.
