3022 5140
795 311 844 386 58

264 493 355 590 ἡμῖν
377 492 402 568 δ
406 493 417 522 ³
445 489 569 586 ὀνείδη
592 489 655 567 διὰ
681 496 845 594 γυναῖκα
867 487 1086 591 βάρβαρον,

264 619 311 714 ῆν
333 625 430 716 χρῆν
455 617 493 692 o’
519 611 688 692 ἐλαύνειν.
710 614 785 692 κδν
808 614 902 716 ὑπὲρ
924 614 1057 691 Νείλου
1082 613 1170 714 ῥοὰς

264 740 357 841 ὑπέρ
382 769 422 816 τε
443 745 590 836 Φᾶσιν,
614 739 844 839 eripiendae
870 745 1116 840 παρακαλεῖν,

264 863 384 942 οὖσαν
407 864 479 963 μὲν
499 867 734 967 Ἠπειρῶτιν,
760 861 804 941 οὗ
830 862 1024 963 πεσήματα

195 991 415 1065 64οπλεῖοθ’
434 989 606 1075 Ἑλλάδος
629 990 795 1068 πέπτωκε
820 989 994 1091 δοριπετῆ
1015 994 1181 1090 νεκρῶν,

262 1123 330 1191 τοῦ
356 1123 426 1191 σού
450 1145 489 1190 τε
513 1114 646 1200 παιδὸς
670 1119 824 1214 αἵματος
847 1115 1111 1215 κοινουμένην·

265 1280 544 1298 ..um

262 1362 369 1444 aliquid
398 1375 545 1444 putemus,
576 1366 601 1423 si
624 1366 747 1424 refertur
768 1364 860 1444 κῆδος
889 1358 1022 1443 ξυυᾶψοις
1049 1362 1085 1422 ad
1109 1355 1231 1443 ῆμῖνδ
1258 1354 1367 1437 ὀνείδη,

262 1448 315 1508 hac
337 1450 494 1508 sententia:
533 1449 645 1526 quondo
670 1459 719 1520 ta,
753 1450 807 1528 pai
822 1449 922 1508 Peleus
945 1458 975 1507 et
1001 1449 1080 1506 clero
1102 1458 1189 1525 porro
1212 1454 1298 1504 notus
1323 1462 1365 1512 cs,

262 1531 406 1612 affinitate
428 1534 545 1604 abacto,
575 1551 629 1590 nec
650 1541 677 1591 te
706 1533 794 1610 dopna
817 1541 849 1590 et
868 1531 941 1590 καλε·
958 1530 1143 1610 opprobrioso
1163 1529 1246 1589 dicis.

346 1630 418 1693 637.
463 1624 543 1688 Libri
557 1624 596 1709 ῆν
610 1633 682 1712 χρῆν
702 1626 733 1691 o'
749 1624 879 1692 ἐλαύνειν
890 1623 986 1710 τήνδ’.
1015 1626 1048 1686 ld
1061 1626 1191 1687 Porsono
1204 1624 1241 1684 ad
1252 1623 1363 1685 Phoeu.

261 1713 354 1776 1613.
382 1724 497 1793 propter
525 1712 629 1792 duplex
657 1733 812 1793 pronomen
837 1711 986 1772 videbatur
1011 1711 1173 1771 mendosum
1202 1727 1277 1769 esse.
1318 1705 1366 1770 Ac

260 1795 395 1855 Reislius
425 1816 509 1876 quum
530 1792 596 1876 τῆλ’
618 1791 690 1876 ὑπὲρ
713 1797 823 1860 Νείλου
845 1791 916 1874 ῥοὰς
936 1797 1122 1868 coniecisset,
1153 1793 1314 1854 Brunckius
1336 1791 1365 1852 id

259 1881 344 1938 etiam
367 1899 430 1938 cum
453 1890 613 1958 contemptu
634 1899 748 1951 eorum,
785 1879 842 1957 qui¹
855 1877 1033 1950 dubitarent,
1064 1879 1182 1958 recepit.
1225 1875 1365 1935 Probabi-

259 1962 314 2022 lius
335 1962 370 2022 L.
394 1961 560 2021 Dindorlius
581 1961 759 2022 scribendum
775 1963 883 2041 putavit
896 1958 931 2024 δν
946 1967 1018 2044 χρῆν
1032 1957 1162 2024 ἐλαύνειν
1173 1954 1266 2040 τήνδ’.
1302 1959 1365 2018 De·

260 2043 350 2104 lendit
371 2044 506 2105 librorum
532 2046 700 2126 scripturam
717 2045 858 2104 Matthiae
880 2046 908 2103 in
931 2046 1114 2124 grammatica
1135 2046 1162 2122 ἕ.
1180 2043 1253 2107 468.
1278 2053 1307 2101 et
1328 2041 1364 2104 ad

259 2125 370 2186 Phoen.
396 2129 488 2191 1597.
531 2128 577 2188 Ac
599 2148 677 2202 sane,
702 2130 752 2210 qui
772 2131 812 2188 ita
833 2129 995 2208 loquuntur,
1018 2126 1109 2189 videri
1127 2137 1254 2207 possunt,
1278 2145 1363 2205 quum

258 2230 413 2290 pronomen
434 2209 581 2271 relativum
603 2213 841 2293 pronunciarunt,
871 2212 952 2292 quasi
973 2210 1144 2272 haesitantes
1166 2209 1232 2291 quid
1254 2207 1360 2284 dicant,

258 2291 360 2354 deinde
382 2293 417 2354 de
439 2295 550 2374 integro
571 2296 718 2355 absolvere
735 2296 913 2354 sententiam.
951 2293 1036 2368 Quod
1052 2296 1085 2353 lit
1106 2296 1135 2354 in
1156 2293 1361 2371 indignatione,

259 2387 291 2435 ut
310 2375 385 2457 apud
406 2377 576 2458 Sophoclem
598 2381 627 2440 in
649 2378 774 2439 Philoct.
797 2380 871 2442 316.
895 2371 940 2450 οἷς
956 2371 1111 2458 Ὀλύμπιοι
1131 2375 1199 2439 θεολ
1221 2409 1264 2421 —-
1284 2375 1363 2438 δοῖίν

256 2455 325 2521 ποτ’
349 2456 449 2534 αὐτοῖς
477 2455 622 2524 ἀντίποιν’
646 2459 719 2542 ἐμοῦ
745 2465 864 2523 παθεῖν.
918 2460 1001 2520 Alios
1031 2462 1079 2541 qui
1108 2457 1143 2520 de
1172 2459 1225 2519 hac
1252 2460 1362 2519 ratione

256 2543 389 2622 loquendi
411 2543 535 2606 dixerint
555 2541 710 2605 nominavit
728 2544 889 2623 Pssugkius.
935 2537 1054 2616 Simile,
1082 2542 1132 2603 sed
1153 2541 1247 2624 paullo
1269 2539 1362 2602 diver-

256 2646 317 2686 sum
339 2639 383 2687 est
402 2628 457 2687 boc
486 2649 514 2688 v.
537 2629 628 2692 1084.
658 2619 700 2690 ὧν
723 2621 979 2708 Κλυταιμνήστρας
999 2622 1085 2699 τόκος
1106 2619 1147 2699 είς
1166 2617 1205 2707 ῆν
1225 2621 1362 2688 ἁπάντων

254 2710 346 2772 τοῖνδε
366 2706 599 2791 ρηχαυορρύφος.
647 2711 680 2770 ln
701 2710 920 2770 Andromachae
949 2723 1042 2770 mmen
1063 2728 1147 2770 versu
1168 2712 1229 2789 ipsa
1249 2707 1364 2768 videtur

255 2794 395 2852 sententia
421 2795 583 2872 postulare,
615 2804 647 2852 ut
675 2793 802 2852 nonnihil
832 2795 1020 2873 restringatur
1048 2794 1135 2851 nimia
1163 2794 1357 2871 exaggeratio.

256 2874 352 2949 Quare
381 2876 473 2934 eiecto
498 2895 596 2936 versus
626 2877 831 2955 complemento
858 2878 968 2938 restitui
998 2893 1080 2956 quam
1110 2877 1278 2956 requirimus
1303 2870 1361 2936 κᾶν

254 2959 432 3036 particulam.

337 3056 409 3119 638.
452 3056 533 3116 Libri
558 3052 630 3136 κάμὲ
656 3064 834 3140 παρακαλεῖν
859 3053 919 3133 dal,
948 3069 1062 3138 praeter
1088 3056 1159 3116 Pnr.
1181 3055 1221 3115 A.
1251 3057 1281 3115 in
1301 3075 1360 3135 quo

255 3157 338 3218 quum
355 3137 404 3202 καί
418 3145 594 3222 παρακαλεῖν
609 3141 730 3220 legatur,
754 3143 916 3203 Brunclrius
937 3143 1086 3220 genuinnm
1108 3141 1275 3219 scripturam
1296 3159 1359 3200 esse

273 3222 370 3282 utabat
394 3221 445 3284 καὶ
472 3225 662 3306 παραβαλεῖν
686 3222 740 3288 δεῖ.
792 3226 876 3301 Quod
905 3244 959 3303 ego
989 3226 1182 3298 conieceram,
1211 3221 1262 3286 καὶ
1285 3219 1360 3304 πέρα

261 3305 378 3385 κβολεῖν
399 3303 455 3382 tet,
476 3309 586 3388 recepit
603 3307 755 3384 Matthiae,
780 3309 830 3370 scd
851 3311 880 3368 iu
901 3307 1082 3368 adnotatione
1098 3307 1216 3368 haerere
1232 3325 1263 3366 se
1287 3305 1360 3366 dixit

253 3389 283 3446 in
304 3390 442 3449 infinitivo
463 3392 561 3450 aoristi
590 3403 654 3471 post
680 3413 815 3474 praesens
836 3387 984 3464 ἐλαύνειν,
1022 3411 1106 3470 quum
1136 3410 1229 3452 sermo
1257 3391 1294 3449 sit
1322 3390 1359 3450 de

254 3472 366 3531 actione
388 3475 531 3532 contiuua.
574 3474 685 3536 Recte:
709 3477 759 3537 sed
781 3476 849 3556 quid
871 3475 1001 3535 obstabat
1023 3495 1078 3553 quo
1100 3475 1191 3534 minus
1212 3467 1358 3552 ἐκβάλλειν

253 3554 411 3615 scriberet?
460 3557 539 3618 Vere
566 3568 658 3620 tamen
685 3561 739 3619 hoc
764 3580 827 3620 eum
850 3558 1023 3618 intellexisse
1044 3568 1131 3637 puto,
1170 3577 1225 3616 non
1248 3567 1359 3614 mutan-

252 3635 318 3696 dum
348 3657 410 3698 esse
438 3635 511 3718 κίιμὲ
531 3647 723 3723 παρακαλεῖνι
763 3642 813 3702 sed
841 3652 871 3701 et
899 3642 959 3721 ipse
985 3643 1014 3700 in
1045 3639 1211 3720 exponenda
1230 3639 1359 3698 Menelai

252 3721 411 3795 sententia,
449 3733 480 3782 et
512 3726 560 3804 qui
588 3725 701 3786 brevius
730 3737 814 3805 atque
839 3725 966 3784 exactius
995 3726 1037 3784 sic
1072 3725 1271 3803 interpretatus
1300 3731 1355 3796 est,

250 3801 418 3884 Plluglrins,
441 3826 559 3886 meque,
590 3820 622 3867 ut
650 3807 722 3868 idem
744 3828 876 3888 agerem
906 3810 1062 3869 adhortari
1083 3807 1223 3878 debebas,
1255 3803 1357 3866 callide

251 3889 407 3948 omiserunt
428 3887 573 3964 iudicare,
605 3888 672 3971 quid
692 3887 737 3954 ἀεὶ
758 3892 811 3951 sibi
832 3891 936 3963 vellet,
960 3890 1035 3971 quod
1056 3891 1125 3950 mihi
1146 3887 1258 3969 quidem
1279 3887 1357 3950 vide·

251 3981 298 4030 tur
318 3991 381 4032 esse
403 3973 616 4053 ineptissimum.
671 3974 737 4034 Nec
758 3985 825 4055 puto
847 3973 877 4033 id
897 3974 974 4034 aliud
995 3994 1057 4034 csse
1080 3993 1161 4054 quam
1183 3970 1357 4033 additamen·

251 4065 309 4113 tum
331 4056 459 4128 metrici,
493 4077 547 4135 quo
568 4077 680 4118 versum
702 4059 845 4138 expleret,
877 4079 961 4139 quum
982 4055 1135 4117 excidisset
1154 4061 1248 4118 τούτο.
1307 4055 1356 4115 Sic

250 4139 326 4196 enim
354 4151 432 4198 recte
461 4159 492 4198 se
520 4140 625 4201 habent
652 4143 764 4214 omnia,
797 4143 821 4200 si
849 4142 963 4222 scripsit
990 4138 1142 4221 Euripides
1171 4135 1244 4220 κείμὲ
1271 4141 1356 4202 τοῦτο

250 4226 435 4300 παρακαλεῖν.
477 4221 510 4281 ld
531 4243 587 4282 non
608 4223 733 4284 dubitavi
753 4244 902 4305 reponere.

333 4319 406 4383 636.
450 4319 544 4393 Ηειοο,
568 4311 605 4383 οὗ
624 4317 773 4404 πεσῆματα
792 4317 908 4388 πλεῖσθ’
925 4316 1061 4396 Ἑλλάδος
1075 4319 1205 4384 πέπτωκε
1221 4317 1356 4399 δοριπετῆ

251 4405 378 4483 νεκριῖν,
398 4403 554 4464 afferuntur
574 4405 603 4464 in
625 4404 754 4468 Crameri
774 4404 887 4468 Auccd.
910 4408 968 4466 vol.
991 4405 1045 4467 lv.
1069 4427 1098 4488 p.
1117 4404 1192 4474 418,
1211 4403 1262 4466 15.

335 4500 407 4566 ott.
451 4502 485 4563 ln
514 4501 584 4564 Par.
607 4503 647 4566 A.
669 4503 749 4568 deest
769 4528 831 4580 τι.Ι
861 4506 922 4570 Pro
941 4525 977 4568 eo
998 4504 1159 4569 Bnnckios
1179 4501 1293 4580 scripsit
1312 4497 1354 4574 δὲ,
