2974 5138
653 295 703 370 29

105 475 178 552 καὶ
204 473 275 560 τάς
299 471 417 574 τύχας
438 473 510 576 μὲν
533 475 602 561 τὰς
624 476 759 568 κακάς,
786 477 832 564 de
854 487 927 558 νῦν
953 481 1038 579 ἐχω,

97 602 278 696 Ἓλληνες
303 597 550 692 ἐπελάθοντο,
574 600 642 687 τάς
666 601 707 679 dd
732 603 785 701 μὴ
810 604 929 690 κακὰς

107 724 281 821 ἔσωζον,
307 725 425 826 ὥςπερ
450 725 518 811 τὰς
540 727 658 812 κακὰς
684 725 846 820 σώζουσί
868 759 955 829 μου.

109 851 215 935 ὅςτις
239 849 313 947 μὲν
337 849 409 926 οὖν
433 857 484 936 εἰς
506 851 601 949 μίαν
624 853 847 952 ἀποβλέπων
867 852 985 950 τύχην
1234 873 1296 934 278

110 975 211 1076 πρὸς
235 979 339 1052 θεῶν
364 984 563 1065 κακοῦται,
586 978 690 1078 βαρύ
714 979 805 1077 μέν,
829 979 973 1055 οἰστέον
998 978 1037 1054 d’
1064 978 1184 1078 ὅμως·

109 1101 222 1198 ἡμεῖς
247 1099 289 1176 dd
314 1107 464 1185 πολλαῖς
485 1109 696 1204 συμφοραῖς
721 1102 930 1207 ἐγκείμεθα.

110 1234 271 1325 πρῶτον
293 1224 365 1323 μὲν
389 1228 458 1302 οὐκ
484 1225 568 1303 οὖσ’
595 1227 743 1324 ἄδικος,
767 1228 842 1328 εἰμὶ
865 1226 1051 1326 δυςκλεής.

109 1350 181 1425 καὶ
204 1358 318 1427 τοῦτο
342 1351 471 1448 μεῖζον
494 1360 558 1448 τῆς
582 1353 759 1448 ἀληθείας
781 1350 913 1444 κακόν,

111 1477 212 1560 ὅςτις
236 1475 285 1549 τοὶ
308 1476 360 1575 μὴ
385 1474 569 1577 προςόντα
593 1478 764 1575 κέκτηται
781 1480 898 1574 κακά.

112 1606 241 1677 ἔπειτα
265 1599 442 1700 πατρίδος
466 1602 551 1679 θεοί
573 1605 619 1702 μ’
646 1600 905 1706 ἀφιδρύσαντο
929 1612 995 1708 γῆς

111 1732 165 1810 εἷς
187 1722 362 1826 βάρβαρ’
387 1728 484 1822 ἤθη,
510 1728 575 1803 καὶ
599 1727 721 1830 φίλων
743 1731 934 1828 τητωμένη

30 1831 32 1874 ³
112 1848 231 1946 δούλη
254 1852 471 1948 καθέστηκ’,
498 1852 583 1930 οὖσ’
611 1856 819 1954 ἐλευθέρων
844 1857 935 1930 άπο·

109 1974 159 2051 τά
185 1973 398 2076 βαρβάρων
419 1977 493 2081 γάρ
519 1978 637 2056 δοῦλα
661 1977 786 2058 πάντα
805 1981 900 2077 πλὴν
924 1978 1017 2063 ἑνός.

110 2103 262 2206 ἄγκυρα
287 2099 327 2176 d³
353 2102 378 2200 ἥ
400 2131 477 2203 μου
504 2103 571 2190 τάς
594 2103 710 2204 τύχας
735 2108 821 2203 ὤχει
844 2107 957 2206 μόνη,

192 2453 237 2514 V.
261 2464 335 2517 272.
359 2463 432 2518 278.
476 2454 554 2517 Edd.
574 2469 643 2519 vett
660 2470 689 2519 et
704 2458 783 2518 Flor.
802 2469 831 2520 1.
845 2469 876 2520 2.
897 2451 952 2529 τάς
971 2449 1063 2530 καλάς
1084 2463 1113 2514 et
1129 2453 1220 2513 altero

112 2558 198 2598 versa
218 2533 273 2612 τάς
294 2537 385 2602 dd
347 2565 388 2620 μη
411 2537 512 2613 καλάς.
555 2541 605 2602 Sic
624 2543 708 2602 etiam
719 2541 789 2601 Par.
805 2541 843 2602 Ε.
861 2539 912 2600 sed
932 2540 1042 2618 utrique
1060 2533 1153 2610 καλάς
1173 2555 1221 2596 sn·

112 2624 271 2701 perscripto
291 2621 401 2698 κακάςε
425 2622 499 2704 quod
519 2627 619 2685 merito
634 2626 787 2704 probarunt
801 2624 984 2703 Masgravins
1000 2632 1029 2681 et
1044 2622 1090 2702 qai
1110 2620 1220 2699 sequuti

112 2716 176 2765 sunt
195 2704 332 2766 editores.
377 2706 435 2767 Pro
451 2731 500 2768 και
489 2708 606 2768 videri
622 2718 717 2788 potest
737 2705 794 2770 κάν
813 2705 989 2768 scribendum
1004 2725 1082 2776 esse,
1105 2715 1135 2761 nt
1148 2703 1220 2761 haee

111 2809 165 2847 non
186 2799 305 2867 eptam,
334 2789 386 2850 sed
405 2792 541 2851 rationem
565 2791 735 2852 concludens
753 2790 838 2852 dieat.
883 2790 951 2851 Non
975 2809 1045 2868 opos
1063 2799 1169 2858 tamen,
1194 2787 1219 2845 εἰ

111 2871 163 2931 hoo
181 2870 279 2932 dicere
296 2884 426 2953 putatur:
451 2875 528 2949 εέθε,
549 2873 699 2956 λαβούσης
717 2877 835 2954 αἰσχιον
850 2873 939 2947 εἶδος
960 2871 1147 2936 ἐπελάθοντο
1165 2867 1220 2942 τάς

110 2951 204 3029 nonde
224 2954 322 3035 τύχας.
374 2957 472 3037 Itaque
492 2969 571 3020 reete
591 2960 697 3018 monuit
718 2957 857 3020 Matthiae
878 2961 961 3019 etiam
983 2954 1171 3019 ἐπελάθοντο
1189 2963 1220 3014 et

111 3039 221 3112 ἔσωζον
243 3059 280 3099 ex
300 3040 367 3102 εἴθε
386 3041 532 3120 pendere,
563 3041 614 3102 sed
639 3038 692 3116 τὰς
712 3038 804 3118 καλάς
824 3041 913 3122 τύχας
936 3062 990 3101 non
1011 3039 1131 3100 debebat
1149 3038 1219 3098 felix

110 3123 278 3182 connubium
306 3125 498 3204 interpretari.
549 3125 776 3186 Infelicissimam
802 3128 875 3186 enim
897 3136 942 3185 est
962 3125 1139 3184 seiunctaea
1159 3140 1219 3178 ma·

110 3208 175 3265 rito.
225 3205 354 3266 Felicem
386 3219 491 3269 sortem
514 3207 585 3268 hane
606 3207 676 3268 dioit
695 3208 824 3281 Helena,
855 3207 929 3288 qnod
949 3209 976 3267 ei
995 3205 1149 3285 eontigerit
1167 3222 1219 3263 ex-

110 3291 181 3368 perti
199 3290 298 3388 εοΙρεε
316 3310 400 3362 esse,
422 3302 452 3351 et
472 3310 564 3371 neque
584 3291 714 3351 adulterii
729 3311 780 3352 aea
794 3293 843 3365 sit,
866 3309 957 3372 neque
973 3290 1086 3350 exitiosi
1101 3297 1143 3348 tot
1158 3289 1217 3346 for·

110 3372 182 3432 tibus
202 3374 273 3432 viris
295 3373 360 3433 belli
380 3394 480 3434 caussa
493 3375 645 3436 exstiterit.
1215 3395 1219 3404 ’

188 3505 329 3570 mna.
374 3507 533 3581 Quoniam,
569 3509 617 3588 qni
636 3509 882 3587 unamaliquam
874 3529 902 3566 m
921 3508 1060 3567 fortunam
1079 3504 1214 3574 intuetur,

109 3591 184 3650 inea
199 3589 363 3649 felicitatem
382 3611 459 3650 suam
476 3592 594 3670 positam
609 3604 699 3670 putat,
724 3603 804 3653 reete
817 3611 884 3652 sane
899 3591 1002 3651 dictam
1017 3600 1062 3650 est
1084 3589 1126 3660 εἰς
1127 3587 1217 3693 μίαν

109 3671 289 3779 άποβλέπων
308 3669 410 3753 τύχην.
451 3674 518 3734 Νοο
534 3675 605 3734 male
622 3685 714 3736 tamen
728 3672 957 3736 scribereturst'
938 3698 1017 3750 οςτις
1034 3670 1089 3754 μὲν
1102 3661 1158 3734 οὖν
1175 3669 1218 3742 εἰς

110 3759 177 3838 μίαν
197 3753 393 3837 άπύβλεπτον
415 3755 508 3838 τύχην
531 3755 607 3840 πρὸς
627 3765 712 3822 θεων
732 3764 885 3822 κακοῦται.

184 3889 228 3951 V.
253 3899 327 3954 278.
372 3890 489 3951 Recte
480 3913 509 3950 nn
525 3892 669 3952 veteribus
683 3889 764 3953 libris
776 3904 806 3953 et
817 3891 966 3952 Sohaeieri
980 3889 1103 3952 editione
1115 3881 1214 3943 disti-n

112 3982 198 4032 etam:
223 3971 280 4036 ούκ
301 3965 368 4037 ούά
389 3973 503 4050 άὸικος,
527 3975 587 4052 εἰμι
610 3975 762 4059 decantaris,
785 3997 841 4035 non
856 3975 961 4050 άδιιιός
981 3975 1051 4053 εἶμί,
1073 3985 1145 4047 ΨΜ
1164 3965 1215 4025 ab·

112 4055 192 4115 surda
211 4057 327 4119 notandi
349 4069 483 4118 accentus
503 4061 576 4119 ratio
597 4069 650 4121 est.

184 4188 226 4251 V.
250 4193 325 4253 285.
369 4189 515 4250 Libri=”
494 4214 609 4272 αγκαρα
630 4189 668 4268 δη
692 4216 750 4272 μου
769 4187 824 4262 τάς
843 4184 934 4266 τύχας
949 4180 1113 4266 ύχεῖμάνη.
1141 4183 1213 4244 Sea·

110 4269 263 4351 ligerd'
240 4299 261 4352 η
286 4297 362 4354 μοο,
392 4274 466 4378 qnod
490 4275 613 4353 probans
633 4274 817 4352 Musgravins
838 4272 924 4331 etiam
947 4269 1017 4350 άχει
1036 4268 1210 4348 corrigebat,

109 4366 192 4415 neoto.
230 4356 389 4418 servarant
403 4354 452 4437 δή,
468 4355 677 4436 receperant''
652 4379 722 4435 αχει
732 4355 894 4414 Brunekins
909 4353 945 4414 ad
957 4353 1103 4417 Prometh.
1116 4361 1210 4414 10²1.

111 4448 137 4496 et
145 4438 289 4501 Personas
303 4441 339 4501 ad
353 4442 451 4502 Orest.
467 4449 519 4504 68.
543 4440 698 4513 Matthiae,
715 4441 802 4500 libros
821 4447 967 4519 sequutus,
990 4457 1147 4518 comparari
1139 4436 1214 4495 'hos

111 4539 203 4582 versas
221 4545 307 4604 posse
328 4525 445 4608 putabat
462 4545 524 4586 enm
545 4525 590 4584 his
606 4523 745 4586 Androm.
762 4530 834 4590 407
