2944 5128
788 318 861 393 156

255 520 411 618 Ἑλένην
436 519 507 614 μὲν
530 520 580 618 ἣν
605 519 653 596 σὺ
679 518 840 596 διολέσαι
866 513 1064 614 πρόθυμος
1089 516 1146 595 ῶν

258 646 431 746 ἥμαρτες,
457 644 573 748 ὀργὴν
598 643 772 742 Μενέλεῳ
798 638 1028 740 ποιούμενος,

258 773 320 871 ἥδ’
351 771 464 862 ἐστίν,
489 772 537 870 ἣν
562 771 666 871 ὁρᾶτ’
696 774 737 848 ἒν
762 768 915 868 αλθὲρος
938 767 1082 860 πύλαις,

260 899 472 996 σεσωσμένη
497 929 536 972 τε
560 899 630 974 κού
654 898 830 974 θανοῦσα
854 894 946 993 πρὸς
970 896 1093 973 σέθεν.

167 1023 333 1129 1646ἐφῶ
358 1055 421 1102 νιν
445 1026 604 1111 ἐξέσωσα
627 1023 725 1099 κάπὸ
751 1019 950 1126 φασφοίνου

259 1161 328 1228 τοῦ
354 1160 424 1227 σοῦ
447 1150 659 1234 κελευσθεὶς
682 1149 819 1247 ἥρπαῶ
846 1152 889 1224 ἐκ
915 1147 1003 1233 Διὸς
1028 1149 1177 1246 πατρός.

259 1277 381 1374 Ζηνὸς
405 1276 478 1379 γὰρ
505 1273 624 1352 οὖσαν
650 1275 717 1372 ζῆν
742 1303 804 1381 νιν
830 1275 999 1373 ἄφθιτον
1020 1270 1156 1372 χρεῶν,

257 1401 424 1502 Κάστορί
448 1431 500 1477 το
517 1398 743 1478 Πολυδεύκει
768 1402 802 1475 τ’
833 1403 875 1476 ἐν
899 1400 1051 1498 αἰθέρος
1074 1405 1233 1496 πτυχαῖς

250 1527 448 1617 Ιξύνθακος
473 1531 587 1618 ἔσται,
614 1527 800 1612 ναυτίλοις
824 1523 1012 1625 σωτήριος.

167 1655 250 1722 1645
259 1658 373 1753 ἄλλην
398 1655 439 1730 δὲ
465 1653 621 1754 νύμφην
645 1660 696 1739 εἰς
721 1651 861 1752 δόμους
884 1663 1016 1751 κτῆσαι
1042 1649 1184 1752 λαβιύν,

258 1783 335 1858 ἐπεὶ
360 1783 445 1858 θεοὶ
469 1791 522 1881 τῷ
547 1781 653 1880 τῆςδε
678 1777 960 1877 καλλιστεύματι

247 1909 433 2006 Ἕλληνας
458 1915 507 1994 ελς
534 1910 574 1983 ἓν
597 1907 661 1983 καὶ
688 1904 845 2010 Φρύγας
876 1903 1099 2008 ξυνήγαγον,

256 2033 451 2120 θανάτους
475 2037 509 2108 τ’
540 2037 695 2131 ἔθηκαν,
723 2033 773 2120 ῶς
797 2035 1018 2110 ἀπαντλοῖεν
1038 2029 1183 2130 χθονὸς

172 2224 174 2232 s
257 2160 427 2262 ὕβρισμα
453 2162 609 2259 θνητῶν
634 2157 813 2260 ἀφθόνου
837 2155 1090 2258 πληρώματος.
1250 2247 1259 2256 ἱ

165 2287 305 2362 lunone
331 2286 402 2386 μὲν
425 2288 518 2362 καθ’
544 2287 699 2384 Ἓλένην
724 2280 793 2362 ὧδ’
824 2287 912 2383 ἔχει·
940 2285 979 2362 σὲ
1006 2284 1043 2361 δ’
1063 2277 1124 2360 ἀὗ
1145 2279 1285 2383 χρεῶν,

343 2663 436 2725 1636.
457 2663 520 2723 nid.
536 2655 657 2725 Ἕλὲνα.
701 2663 784 2726 codd.
799 2655 939 2742 Ἓλύνην.

342 2771 435 2833 1638.
456 2775 494 2832 Η.
522 2774 557 2832 Κ.
585 2782 612 2832 et
638 2795 684 2852 pro
711 2775 815 2832 diversa
846 2774 956 2832 lectione
985 2771 1074 2830 Gueii.
1104 2768 1180 2828 Cant.
1208 2760 1252 2839 ῶς
1280 2759 1374 2847 ὁρᾶτ’.

255 2858 358 2918 Deinde
380 2861 437 2916 iibri
458 2863 596 2936 πτυχαῖς.
639 2859 691 2916 Sed
712 2861 780 2917 Veu.
803 2879 827 2916 a.
848 2862 876 2914 iu
898 2859 1014 2936 margine
1035 2847 1160 2924 πύλαις,
1193 2873 1271 2930 quam
1293 2855 1374 2911 lectio·

256 2963 314 3002 uern
337 2944 387 3001 hoc
407 2945 464 3000 εοΙο
486 2948 634 3001 testimonie
656 2944 748 3000 fultam
776 2963 829 2998 nnn
857 2942 998 2998 dubitarem
1026 2944 1145 3010 reiicere,
1177 2957 1256 3014 quum
1283 2944 1376 2996 usitate

256 3027 374 3103 Euripidi
402 3029 514 3084 formula
542 3032 577 3084 sit
605 3021 732 3105 αῖθὲρος
760 3023 888 3103 πτυχαί,
920 3029 973 3082 nisi
1002 3025 1097 3084 rediret
1126 3023 1176 3082 huc
1197 3020 1228 3082 ἒν
1251 3020 1376 3102 αϊθὲρυς

255 3116 385 3188 πτυχαῖς
407 3130 433 3170 v.
456 3109 547 3170 1643.
589 3111 659 3169 Naur
682 3116 731 3170 etsi
753 3116 872 3189 repetitio
899 3110 1046 3169 eurumdem
1068 3111 1201 3167 verborum
1223 3129 1271 3184 per
1292 3127 1322 3166 ee
1342 3110 1376 3166 ni·
1448 3107 1449 3162 i

255 3196 293 3255 hil
315 3197 469 3255 offensionis
490 3195 574 3268 habet,
595 3205 681 3255 taureu
702 3196 745 3255 hic
766 3196 841 3254 valde
862 3195 988 3272 displicet.
1030 3194 1105 3252 Nihil
1132 3203 1203 3251 creet
1223 3191 1294 3268 quod
1315 3196 1376 3250 ritu·
1448 3195 1449 3242 i

255 3291 402 3358 peraretur,
433 3285 456 3339 si
483 3291 593 3357 utreque
616 3287 648 3340 in
673 3301 752 3341 versu
780 3286 904 3358 scriptum
927 3288 998 3338 earet
1025 3276 1056 3339 ἔν
1085 3273 1204 3358 αἰθέρα
1237 3278 1375 3346 namhoc,
1448 3273 1449 3304 ³

256 3369 317 3442 quia
338 3387 391 3424 non
413 3375 454 3424 eet
474 3365 617 3436 definitum,
637 3384 740 3424 curnem
761 3367 826 3424 creti
846 3368 933 3424 urbem
954 3363 1151 3443 comprehendit,
1182 3371 1212 3420 ut
1232 3366 1288 3420 sire
1309 3379 1376 3420 nuuc

255 3452 374 3508 sublimis
396 3451 511 3525 pendens
523 3453 627 3510 Helena
648 3455 812 3527 conspicitur,
833 3455 889 3508 rive
910 3449 1018 3526 posthac
1038 3455 1106 3508 inter
1127 3448 1214 3520 sidera
1235 3451 1375 3522 conspicie-

254 3543 306 3602 tur,
327 3534 359 3591 de
380 3543 488 3609 utroque
510 3545 578 3591 recte
599 3535 699 3593 dicatur
719 3540 747 3592 in
768 3535 872 3594 aethere
893 3553 961 3592 ecee.
1004 3533 1056 3592 Sed
1083 3553 1161 3611 quum
1192 3530 1304 3606 πτυχαὶ
1327 3527 1375 3588 αἶ-

254 3613 506 3695 tripertiuntur,
538 3626 584 3674 aut
611 3619 733 3696 frigidum
762 3629 803 3678 ert
829 3619 880 3678 hnc
906 3620 1057 3695 sirnpiiriter
1078 3639 1123 3694 pro
1145 3616 1249 3674 aethere
1270 3615 1375 3683 dictum,
1446 3667 1447 3680 ,

254 3710 300 3760 aut
321 3723 373 3760 non
395 3712 495 3777 aptum,
528 3705 588 3777 quia
616 3702 648 3760 de
675 3702 785 3762 dirersis
811 3708 839 3760 in
866 3701 969 3762 aethere
989 3704 1055 3760 iocis
1076 3703 1244 3773 dictumest.
1286 3697 1328 3756 Ac
1349 3718 1372 3756 r.

256 3785 349 3845 1643.
370 3785 471 3862 quidem
494 3796 563 3844 recte
584 3793 750 3846 nominantur
771 3782 897 3868 αἰθέρος
918 3783 1045 3863 strepat,
1067 3785 1111 3845 hic
1131 3806 1207 3855 vero,
1229 3788 1272 3842 ubi
1293 3787 1321 3842 iu
1342 3801 1373 3838 en

254 3882 296 3929 est
317 3871 432 3940 Herena,
465 3878 494 3929 ut
515 3873 686 3930 transferatur
716 3873 749 3931 ad
772 3877 836 3930 irtar
858 3868 984 3952 αἰθέρος
1006 3864 1138 3948 πτυχύς,
1171 3877 1371 3928 consentaneum

253 3963 294 4014 ert
316 3975 373 4014 eum
396 3955 445 4012 dici
467 3955 562 4028 iocum,
582 3977 628 4033 per
650 3977 724 4033 quem
747 3955 833 4016 aditus
849 3965 889 4016 est
910 3955 943 4014 ad
964 3958 1072 4017 caelum.
1114 3955 1156 4012 Ea
1177 3973 1271 4012 caursa
1289 3953 1373 4026 recepi

253 4039 322 4098 hanc
350 4043 515 4118 scripturam,
546 4061 611 4118 quae
638 4050 751 4118 apertum
780 4048 821 4100 est
848 4061 925 4118 quam
952 4043 1028 4100 facile
1055 4044 1082 4097 in
1110 4045 1234 4098 usitatum
1256 4035 1318 4097 iliud
1341 4031 1374 4094 ἓν

254 4120 382 4201 αἰθέρος
403 4130 531 4201 πτυχαῖς
553 4131 647 4183 mutari
667 4130 791 4202 potuerit,
824 4129 864 4183 rui
893 4145 926 4182 ne
956 4123 1135 4184 necboiiasta
1156 4121 1257 4200 quidem
1278 4123 1375 4198 praeei-

255 4208 325 4267 dium
347 4213 398 4285 peti
420 4219 512 4285 potest,
534 4213 594 4286 quia
615 4227 681 4284 qune
701 4209 745 4268 bic
766 4209 798 4266 ad
818 4210 887 4267 hunc
907 4229 1010 4268 versum
1033 4210 1065 4269 de
1092 4207 1169 4266 steila
1189 4207 1306 4264 Helenae
1329 4201 1375 4261 ad·

254 4296 362 4362 nutavit,
379 4298 467 4368 potius
489 4292 522 4351 ad
542 4315 568 4353 r.
593 4291 684 4353 1648.
702 4292 824 4352 ridentur
844 4297 979 4371 pertinere.

341 4399 433 4460 1649.
455 4401 527 4460 Male
547 4403 627 4481 vulgo
646 4406 875 4482 interpungebatur
893 4409 953 4480 post
973 4399 1106 4480 θνητῶν.
1153 4399 1223 4459 Naru
1244 4405 1274 4455 ut
1294 4396 1375 4473 θνη-

253 4481 314 4540 τῶν
325 4476 468 4564 ἄφθονον
478 4477 630 4565 πλήρωμα
642 4491 786 4546 minuerent
798 4483 867 4568 deor:
872 4489 968 4546 bellurn
979 4487 1124 4545 Troianum
1144 4489 1274 4543 excitasse
1287 4499 1374 4540 narra·

253 4568 292 4623 rit
312 4565 433 4626 Starinur
453 4572 481 4628 in
502 4573 659 4630 cuminum
681 4571 797 4650 Cypriis,
827 4571 859 4630 de
879 4591 930 4650 qno
950 4571 1105 4631 nchnliacter
1127 4569 1160 4628 ad
1179 4567 1256 4628 Iliad.
1276 4567 1298 4626 1.
1319 4561 1350 4625 5.
