3026 5134
784 319 835 395 46

175 519 366 618 43οάμφω
391 514 562 604 κατάξειν
588 522 639 601 εὶς
662 514 811 620 πάτραν
816 574 830 608 ,
856 515 1027 617 πρόσθεν
1051 521 1088 598 d'
1119 525 1192 614 s‘yo'.

248 623 379 722 aeolici
401 643 443 719 de*
468 650 633 722 Δαναῶν
657 643 721 720 καὶ
746 645 985 744 Μυκηναίων
1012 649 1119 749 ἄκροι

247 767 416 869 πάρεισι,
443 771 589 871 λυπράν
610 768 743 872 χάριν,
769 771 982 876 ἀναγκαίαν
1007 774 1043 850 d'
1075 776 1157 874 ε’μοὶ

246 894 432 983 διελόντες·
459 899 519 974 ε’πὶ
542 897 616 1003 γὰρ
641 896 711 996 τὴν
734 895 827 996 ε’μὴν
852 895 1100 1000 στρατεύομαι

248 1021 367 1102 πόλιν.
393 1024 508 1111 θεοὺς
533 1024 569 1100 d’
601 1021 763 1123 ε’ποίμοσ’
793 1025 844 1109 ὥς
869 1027 1053 1113 ἀκουσίως

175 1158 327 1236 recocta
352 1149 541 1251 φιλτάτοις
563 1151 719 1248 ἥκουσιν
741 1149 891 1250 ἠράμην
917 1150 1022 1254 δόρυ.

249 1279 330 1352 ἀλλ’
361 1283 411 1363 εἷς
437 1275 476 1353 σε’
501 1276 610 1354 τείνει
634 1277 754 1355 τῶνδε
780 1276 949 1364 διάλυσις
973 1289 1112 1372 κακῶν,

248 1412 383 1504 μῆτερ,
411 1379 661 1490 διαλλάξασαν
687 1404 875 1508 ὁμογενεῖς
900 1405 1031 1506 φίλους

249 1539 390 1606 παῦσαι
415 1529 544 1608 πόνων
568 1561 614 1627 με
638 1531 701 1608 καὶ
727 1531 766 1606 σὲ
792 1532 856 1608 καὶ
880 1542 1007 1610 πᾶσαν
1031 1532 1150 1611 πόλιν.

250 1653 364 1731 πάλαι
389 1657 459 1755 μὲν
485 1655 554 1734 οὖν
578 1658 769 1756 ὑμνηθέν,
797 1660 877 1734 ἀλλ’
907 1660 1008 1756 ὅμως
1033 1665 1123 1762 ε’ριῦ·
1201 1671 1209 1679 “

57 1777 60 1784 ’
176 1783 298 1866 44οτὰ
320 1781 480 1893 χρήματ’
512 1781 748 1884 ἀνθρώποισι
771 1782 989 1883 τιμιώτατα,

190 1896 193 1900 ‚
251 1908 417 2008 δύναμίν
442 1942 480 1986 τε
506 1910 679 2009 πλείστην
702 1921 782 1988 τῶν
806 1914 847 1992 ἐν
872 1909 1091 2012 ἀνθρώποις
1115 1916 1197 2010 ἔχει.

180 2125 182 2132 Α
252 2037 349 2141 di'ycl
375 2035 543 2136 μεθήκω,
570 2037 682 2138 δεῦρο
706 2037 849 2139 μυρίαν
874 2040 980 2142 ἄγων

252 2160 406 2268 λόγχην·
433 2166 542 2264 πίνης
566 2162 639 2267 γάρ
666 2165 778 2243 οῦδὲν
802 2165 950 2269 εὐγενὴς
976 2161 1081 2265 ἀνήρ.

248 2432 501 2444 μ--ι

254 2615 369 2672 lecisset.
417 2613 460 2670 Ex
488 2633 537 2688 quo
559 2595 695 2688 seqnitur,
719 2619 759 2688 ut,
787 2632 864 2687 quuru
891 2615 949 2689 'pari
975 2617 1110 2689 utriusque
1138 2616 1195 2672 iure
1223 2616 1370 2693 ambiguum

254 2708 324 2757 esset
346 2698 499 2770 Tydeurune
527 2701 599 2774 prius
620 2717 653 2753 an
674 2695 816 2766 Polynicen
837 2700 864 2754 iu
886 2699 993 2773 patriam
1016 2703 1163 2755 restitueret
1182 2697 1323 2769 Adrastus,
1344 2705 1372 2758 in

255 2785 376 2842 beneficio
392 2791 551 2851 numeretur,
572 2781 641 2858 quod
662 2780 754 2850 Tydeo
774 2783 926 2856 praetulerit
945 2782 1096 2854 Polynicen.
1117 2783 1152 2842 Ei
1168 2801 1246 2862 snpra
1262 2805 1287 2844 ι.
1299 2783 1370 2848 137.

253 2861 411 2947 ὁμόγαμος
431 2868 516 2925 dictus
538 2876 579 2923 est
599 2864 714 2936 Tydeus.

339 2975 412 3036 435.
431 2975 519 3054 Vulgo
540 2979 605 3045 τοῖς
626 2965 783 3053 φιλτάτοις
803 2973 950 3032 τοκεῦσιν.
994 2972 1080 3035 Mosc.
1103 2975 1129 3034 d.
1149 2977 1222 3038 Flor.
1246 2977 1295 3036 21.
1317 2997 1372 3058 yo·
1411 2970 1413 2974 ¹

254 3051 363 3123 νεῦσιν.
407 3061 580 3120 scholiastes:
609 3051 758 3161 γράφεται
789 3053 839 3116 καλ
872 3051 1048 3130 ἑκοῦσιν,
1075 3054 1119 3117 ‘iu'
1142 3049 1223 3143 ᾗτῷ
1246 3057 1371 3146 ἀδελφῷ

253 3163 330 3225 μου·
360 3138 376 3206 ὃ
402 3143 461 3227 γὰρ
485 3139 643 3224 Ἐτεοκλῆς
670 3137 747 3204 cxciv
772 3143 889 3224 πορθεῖ
909 3138 966 3221 τὴν
992 3142 1161 3226 βασιλείαν,
1189 3140 1241 3204 διὰ
1267 3142 1301 3206 τὸ
1327 3143 1371 3226 μὴ

254 3228 451 3314 ἀφίστασθαι
472 3222 596 3308 ταύτης.
639 3229 830 3291 Valckenarius
852 3229 1014 3288 scribendum
1042 3233 1150 3306 putabat
1174 3236 1239 3302 τοῖς
1260 3225 1370 3313 φιλτά-

254 3339 319 3389 τοις
346 3313 376 3396 γ’
406 3312 536 3386 ἑκοῦσιν,
559 3315 627 3391 quod
654 3323 737 3374 esset:
759 3319 1073 3386 consenescentem
1093 3335 1134 3374 occ
1156 3321 1288 3376 οσοειιιιι
1308 3321 1371 3393 fro·

255 3414 323 3463 creon
336 3405 466 3477 ηιιιίλειιι,
491 3405 540 3459 scd
565 3404 706 3468 colentem,
732 3418 813 3457 ormo
839 3403 961 3458 ιιιοολειι.
1004 3397 1042 3456 lt
1062 3400 1089 3457 id
1110 3391 1216 3460 ἑκοῦσί
1233 3421 1266 3480 γε
1288 3402 1372 3460 dicen·

256 3486 317 3544 duur
339 3487 443 3543 fuisset.
481 3484 564 3541 Falsa
585 3491 672 3541 manet
693 3486 828 3551 sententia,
850 3487 905 3540 sive
926 3485 1064 3543 τοκεῦσιν
1084 3486 1126 3542 vel
1147 3485 1293 3563 γονεῦσιν,
1317 3491 1373 3544 sire

256 3564 377 3632 ἑκοῦσιν
403 3571 530 3626 scribitur.
573 3566 643 3624 Nam
670 3587 717 3624 nec
737 3568 893 3642 parentibus,
916 3567 963 3624 sed
985 3569 1058 3627 fratri
1081 3571 1175 3628 bellum
1196 3572 1275 3629 infert
1295 3573 1372 3644 Poly·

256 3657 337 3723 uices,
364 3672 412 3711 nec
438 3654 536 3711 volenti
558 3652 640 3722 fratri,
661 3649 708 3710 sed
729 3651 805 3708 facilc
827 3670 945 3728 passuro,
967 3655 991 3708 si
1012 3657 1039 3711 in
1059 3674 1123 3730 paco
1150 3675 1258 3734 regnare
1278 3661 1371 3734 possit.

256 3738 420 3816 Omninoque
439 3739 536 3797 volenti
564 3757 597 3794 an
619 3738 716 3796 nolenti
739 3735 833 3793 bellurn
855 3736 988 3806 inferatur,
1010 3759 1078 3796 nunc
1100 3760 1151 3797 non
1170 3743 1310 3816 quaeritur,
1325 3741 1373 3799 scd

256 3824 306 3884 hoc
334 3833 434 3882 tantum
463 3823 547 3880 dicere
574 3822 648 3880 debet
675 3822 823 3892 Polynices,
850 3840 879 3878 sc
906 3839 977 3878 arura
1004 3826 1112 3882 invitum
1134 3829 1243 3902 cepisse.
1287 3821 1373 3888 Quare

255 3906 406 3986 Euripidem
434 3911 572 3984 scripsisse
600 3919 659 3984 puto
689 3905 757 3982 quod
777 3907 868 3982 posui,
888 3910 954 3976 τοῖς
975 3901 1132 3987 φιλτάτοις
1153 3903 1287 3984 ἥκουσιν.
1332 3910 1374 3968 no

255 4014 286 4052 eo
308 4014 404 4074 genere
424 3991 544 4070 loquendi
565 3992 691 4051 videndus
713 3990 862 4049 Lobeclrius
884 3991 917 4049 ad
938 3983 1045 4049 Aiacem
1067 4013 1092 4051 v.
1114 3991 1186 4051 6³7.

339 4101 412 4162 438.
432 4104 574 4162 Elrusleius
596 4105 622 4161 in
644 4099 769 4159 addendis
791 4099 824 4158 sd
846 4091 911 4159 ded.
932 4101 966 4162 R.
979 4099 1050 4159 ³76.
1071 4105 1148 4160 scribi
1171 4104 1281 4161 malebat
1292 4102 1373 4162 παῦ-

255 4209 308 4249 σαι
331 4182 431 4248 πόνων
452 4185 486 4248 σέ
508 4181 595 4263 κῦμά.
629 4187 667 4245 Re
689 4190 834 4245 accuratius
854 4204 982 4262 perpensa
1002 4185 1111 4245 vidisset
1127 4189 1277 4260 Polynicen,
1294 4209 1372 4265 quuru

256 4277 339 4352 primo
362 4274 394 4332 dc
416 4293 444 4332 se
466 4274 522 4331 solo
545 4277 685 4351 cogitaret,
707 4280 775 4332 recte
803 4271 921 4328 enclitico
949 4265 1044 4341 usuro,
1076 4272 1181 4343 deinde,
1214 4275 1259 4330 ubi
1280 4276 1371 4330 matris

257 4379 358 4436 quoquc
379 4360 479 4420 labores
511 4359 612 4416 linitum
639 4360 673 4416 iri
694 4359 721 4414 in
742 4362 855 4414 mentem
876 4358 960 4425 venit,
989 4365 1072 4416 erecto
1100 4367 1207 4416 accentu
1233 4352 1268 4417 σέ
1289 4357 1374 4414 dicere

256 4440 386 4503 debuisse.

340 4557 413 4618 442.
435 4557 496 4616 ΑΜ.
519 4559 641 4618 etmulti
662 4556 737 4616 codd.
759 4550 838 4637 ἰάχει)
857 4551 934 4634 μεθ’
958 4551 1022 4637 ἥκω
1043 4559 1156 4620 divisim.
