3028 5136
665 316 714 388 33

127 493 178 579 ὥς
206 494 402 594 τούμπιεῖν
425 523 465 568 τε
490 493 554 571 καὶ
575 501 711 598 φαγεῖν
733 520 776 568 το

126 619 223 703 Ζεὺς
245 615 355 705 οὗτος
380 615 616 716 ἀνθρώποισι
640 626 736 695 τοῖσι
763 616 974 718 σώφροσιν,

122 742 254 812 λυπεῖν
278 736 319 813 δὲ·
343 739 463 839 μηδὲν
488 741 623 822 αὐτόν·
652 747 686 821 o‘l
711 743 753 824 dl·
778 744 869 830 τοὺς
890 743 1031 846 νόμους

122 863 276 950 ἔθεντο,
298 865 543 952 ποικίλλοντες
567 865 785 969 οἷνθριόπων
808 870 917 968 βίον,

121 985 264 1063 κλαίειν
290 989 440 1093 ἄνωγα·
465 990 535 1088 τὴν
560 993 599 1070 δ’
622 993 714 1092 ε’μὴν
738 993 867 1094 ψυχὴν
891 995 965 1100 dyc)

123 1111 171 1187 οὐ
196 1109 387 1208 παύσομαι
407 1114 512 1214 δρῶν
536 1116 597 1207 εὖ,
622 1118 836 1196 κατεσθίων
860 1121 906 1224 γί
929 1145 979 1200 σε.

122 1233 223 1322 ξίνιοί
247 1268 287 1313 τε
312 1236 419 1339 λήγει
443 1239 580 1339 τοιοίδ’,
606 1244 657 1328 ὥς
681 1246 871 1343 ἄμεμπτος
898 1245 949 1335 ὥ,

119 1370 197 1463 πῦρ
222 1361 286 1438 καὶ
309 1373 485 1466 πατρῷον
508 1365 613 1457 τόδε,
639 1367 777 1468 λίβιμοί
800 1372 861 1467 θ’,
893 1371 934 1456 ὃς
960 1369 1066 1463 ζέσας

120 1487 191 1584 σὴν
217 1484 338 1587 σοίρκα
364 1489 595 1593 διαφόρητον
619 1493 773 1592 ἀμφέξει
791 1502 923 1580 καλῶς.

120 1614 203 1688 ἀλλ’
227 1614 349 1712 ἔρωτ’
375 1619 481 1705 εἴσω,
507 1625 561 1718 τῷ
585 1617 672 1691 κατ’
699 1619 829 1694 αὔλιον
854 1621 934 1719 θεῷ

119 1738 175 1815 ἵν’
202 1736 302 1839 ἀμφὶ
322 1737 459 1837 βωμόν
484 1737 636 1826 στάντες
658 1742 823 1840 εὐωχῆτὲ
836 1773 894 1841 με.

506 1928 581 2002 ΟΔ
591 1931 667 2000 ΥΣ
668 1933 711 2000 Σ
715 1932 748 1999 Ε
758 1933 836 2006 ΥΣ.

119 2066 215 2150 elai,
241 2057 380 2144 πόνους
402 2058 474 2158 μὲν
498 2059 688 2159 Τρωικοὺς
708 2061 890 2147 δπεξὲδυν

117 2184 348 2269 θαλασσίους
371 2213 429 2280 τε,
454 2191 527 2260 νῦν
552 2184 592 2260 δ’
621 2188 657 2270 ἐς
681 2184 820 2287 ἀνδρὸς
845 2187 1009 2278 οἶνοσίουΙ

111 2343 402 2361 μ

200 2435 273 2498 339.
315 2435 397 2494 Libri
419 2429 459 2507 οἷς
479 2437 533 2496 τοῦ
553 2441 631 2499 πιεῖν
670 2459 690 2499 ε.
733 2436 869 2496 Reislrius
891 2449 921 2498 et
938 2435 1132 2517 Musgravlus,
1155 2462 1225 2521 quos

115 2515 219 2578 deinde
241 2519 351 2598 sequuti
379 2529 445 2578 sunt
464 2517 606 2593 editores,
639 2543 679 2593 ως
699 2516 851 2599 τούμπιεῖν
870 2543 920 2603 γει
952 2522 1131 2602 laudavitque
1152 2524 1226 2585 Por-

65 2665 67 2669 ,
113 2623 201 2662 senus
228 2600 264 2662 ad
283 2600 432 2682 Aristopb.
462 2601 533 2663 Pac.
558 2603 649 2668 1143.
695 2602 882 2664 Scribendum
904 2623 972 2666 vero
994 2618 1057 2664 erat
1071 2603 1118 2682 ,⁰59
1138 2605 1224 2688 τοίιμ.

111 2692 192 2748 πιεῖν
211 2708 241 2748 τε
261 2684 311 2748 καὶ
331 2693 443 2768 φαγεῖν.
498 2681 501 2688 ’

195 2784 267 2848 340.
311 2783 387 2844 Ede.-
411 2782 549 2867 σώφροσι.
591 2784 673 2846 Flor.
693 2787 724 2850 l.
747 2787 778 2848 2.
803 2781 958 2869 σώφροσιν.

195 2883 268 2946 344.
312 2883 393 2945 Libri
420 2885 582 2950 κατεσθίων
609 2883 639 2948 τί
660 2903 707 2962 σε,
736 2907 792 2945 non
814 2887 875 2946 sine
895 2887 1081 2965 perversitate
1103 2888 1222 2969 quadam

112 2968 281 3040 sententiae,
306 2987 377 3047 quae
399 2979 492 3029 tamen
517 2990 573 3028 non
595 2980 639 3028 cst
659 2990 676 3027 a
698 2970 805 3029 criticis
828 2969 1034 3032 animadversa.
1080 2973 1137 3034 Hic
1160 2976 1223 3054 qui·

112 3050 176 3110 dem
197 3052 361 3114 κατεσθίων
381 3051 413 3134 γέ
435 3071 466 3113 σε
487 3051 665 3112 scribendum
688 3063 761 3112 erat.
1264 3065 1267 3072 ’

193 3150 266 3214 346.
311 3149 410 3209 Libri:
441 3155 499 3230 πῦρ
528 3149 578 3211 καὶ
604 3154 739 3233 πατρῷον
766 3145 850 3211 τόνδε
878 3147 982 3230 λίβητίι
1001 3147 1047 3234 γ’,
1076 3149 1110 3226 δς
1132 3154 1220 3228 ζέσας.

110 3233 266 3294 Barncsius
289 3237 351 3293 ‘non
374 3232 457 3292 modo
479 3252 577 3292 versus
600 3252 718 3304 caussa,
751 3234 779 3290 in
802 3251 857 3310 quo
878 3234 967 3311 probo
989 3237 1051 3294 cius
1071 3236 1217 3312 iudicium,

110 3315 162 3376 sed
182 3318 266 3378 etiam
290 3316 364 3396 quod
386 3316 634 3376 demonstrativum
655 3309 740 3376 τόνδε
760 3316 807 3374 bic
824 3315 894 3374 ferri
911 3329 1042 3396 nequeat,
1067 3322 1132 3397 quia
1150 3342 1221 3381 non·

109 3400 175 3460 dum
205 3401 366 3460 introierint
395 3402 423 3458 in
452 3411 581 3472 antrum,
612 3392 663 3460 τόν
693 3399 817 3478 scripsit.
869 3397 998 3461 Haerere
1027 3421 1058 3460 se
1086 3403 1115 3462 in
1136 3399 1220 3468 τόνδε

110 3485 202 3543 fassus
223 3494 271 3544 est
289 3485 373 3545 etiam
389 3483 539 3542 Matthiae.
584 3480 777 3542 Boissonadus
799 3493 892 3542 autem
914 3485 998 3544 ctiam
1028 3485 1063 3544 de
1086 3507 1137 3560 eo,
1170 3490 1218 3568 qui

109 3589 167 3626 non
193 3569 230 3626 sit
259 3587 413 3648 praesens,
444 3562 528 3628 τόνδε
556 3564 660 3626 dictum
688 3568 808 3626 censuit.
859 3565 1001 3628 Nimirum
1024 3570 1053 3627 in
1071 3572 1217 3632 vocabulis

108 3662 217 3710 tantum
247 3651 421 3730 explicandis
452 3669 585 3730 operam,
619 3671 674 3710 non
703 3651 788 3710 etiam
811 3651 839 3708 in
862 3654 1017 3724 sententia,
1049 3667 1213 3731 posuerunt.

108 3732 186 3808 Quid
201 3739 292 3794 vcro?
330 3735 517 3814 Neptunusne
534 3733 670 3813 tripodem
689 3733 800 3792 dederit
819 3734 876 3792 filio
893 3733 1079 3814 Polyphemo,
1105 3737 1216 3814 quando

107 3828 187 3877 certe
224 3837 279 3874 non
317 3816 517 3878 hereditarium
546 3819 609 3878 vivo
644 3818 795 3876 immortali
829 3828 908 3895 patre
944 3819 1074 3896 accipere
1104 3821 1216 3896 potuit?

106 3902 198 3960 Immo
218 3917 265 3956 res
287 3901 348 3978 ipsa
368 3912 523 3973 monstrat,
550 3900 624 3960 dona
645 3901 806 3978 hospitalia,
831 3919 902 3977 quae
924 3901 1063 3978 promittit
1078 3898 1213 3980 Cyclops,

106 3999 172 4041 esse
194 3981 287 4055 ignem
307 3994 337 4041 et
356 4003 472 4062 aquam,
497 3985 600 4062 quique
623 4003 674 4062 per
694 3985 787 4059 ignem
809 3992 840 4040 et
859 4001 959 4059 aquom
979 3995 1138 4061 concoquat
1153 3985 1217 4042 Uli·

104 4084 183 4134 xcm,
210 4060 341 4124 lebetem.
386 4068 482 4140 Quare
504 4064 702 4125 scribendum:
724 4069 784 4143 πῦρ
800 4062 848 4124 καὶ
864 4069 999 4147 πατρῷον
1013 4061 1090 4142 τόδε,
1111 4063 1217 4146 λὲβιγιοί

104 4143 158 4225 θ’,
179 4141 213 4220 ὃς
233 4142 315 4220 ζέσας
336 4143 391 4226 σὴν
412 4144 504 4229 dolonn
524 4142 703 4226 διαφόρητον
724 4141 842 4224 ἀμφέξει
863 4151 964 4219 καλῶς.

189 4245 262 4310 347.
307 4245 388 4305 Libri
408 4243 607 4326 δυςφόρηιον,
630 4255 769 4304 servatum
793 4245 828 4302 ab
851 4245 1022 4317 editoribus,
1047 4247 1101 4306 etsi
1124 4247 1215 4308 Scali-

106 4351 159 4410 ger
179 4323 358 4412 διαφόρητον
379 4329 556 4390 scribendum
578 4349 641 4388 esse
663 4339 821 4388 monuerat.
866 4330 946 4390 Flor.
972 4335 1001 4394 l.
1025 4325 1145 4416 ἇμφέξῃ.

129 4441 131 4446 ’
188 4431 261 4494 349.
306 4427 381 4489 Εδδ.
411 4439 480 4488 vett.
509 4423 584 4508 ἀμφὶ
617 4431 723 4507 κῶμον.
773 4427 854 4488 Flor.
887 4432 917 4492 l.
940 4431 972 4493 2.
1001 4424 1077 4510 ἀμφὶ
1104 4428 1212 4512 βωμὸν,

107 4513 268 4593 διορίσειε
289 4511 335 4574 bic
358 4515 398 4573 ita
416 4513 550 4593 loquitor,
574 4524 605 4572 ut
625 4513 763 4592 suspicari
784 4513 846 4594 quis
864 4516 955 4594 possit
976 4535 1031 4574 non
1051 4516 1132 4575 fictos
1148 4536 1211 4578 cum

146 4613 374 4676 Bunrrrnrs
397 4613 534 4698 Cyclope.
983 4615 1003 4677 3
