2980 5134
793 302 841 376 18

361 490 451 570 ἄκος
476 492 554 560 τῶν
579 479 772 565 διιςλύτοιν
802 479 930 558 πόνων
956 488 1092 582 τεμεῖν,

262 617 295 689 οἳ
323 612 361 687 σὲ
388 611 452 686 καὶ
472 603 672 707 Ἑρμιόναν
697 605 792 706 ἔριδι
818 615 980 709 στογερᾷ
1007 615 1251 703 συνεκλῇσαν,

360 733 533 832 τλάμον’,
562 731 663 831 ἀμφὶ
689 730 852 830 λέκτρων

364 855 539 954 διδύμων
565 856 752 932 ἐπίκοινον
777 857 912 931 ἐοῦσαν

193 1005 252 1066 125
363 983 463 1084 ἀμφὶ
489 981 582 1058 παῖδ
586 982 597 1008 ³
621 981 820 1076 Ἀχιλλέως.

632 1113 925 1214 οἷντιστροφὴ
951 1110 1003 1186 α’.

261 1243 387 1343 γνῶθι
408 1237 541 1336 τύχαν,
572 1237 717 1342 λόγισαι
734 1238 777 1312 τὸ
794 1239 916 1338 παρὸν
937 1234 1068 1324 κακόν,
1097 1242 1146 1319 εἰς
1163 1238 1252 1334 ὅπερ
1267 1237 1375 1330 ἥκεις.

363 1361 559 1449 δεσπόταις
584 1364 731 1462 ἁμιλλᾷ,

161 1523 168 1538 ·
259 1490 364 1572 ‘liudo
389 1487 485 1565 οὖσα
512 1486 623 1586 κόρα,
655 1486 942 1585 Λακεδαίμονος
967 1483 1242 1596 ε’κγεδνὲταισιν.Ι

365 1620 462 1688 λεῖπε
489 1614 684 1712 δεξίμηλον

195 1761 255 1822 130
364 1735 486 1835 δόμον
511 1747 578 1821 τᾶς
603 1737 757 1821 ποντίας
782 1739 887 1812 θεοῦ.
938 1735 974 1809 τί
1001 1759 1058 1809 σοι

262 2031 316 2086 την
340 2003 469 2066 Ἀσιᾶτιν
498 2005 603 2064 dictum
632 2028 687 2065 non
717 2017 828 2086 posset,
859 2025 937 2064 snam
960 2007 1152 2063 coniecturam
1181 1997 1234 2063 τόν
1255 2007 1374 2104 recepit,
1415 2019 1419 2030 ’

264 2091 369 2147 frustra
396 2089 589 2168 obloquens
580 2090 632 2160 ris,
665 2109 737 2194 quac
766 2087 906 2147 Matthiae
936 2097 1117 2167 opposuerat.
1169 2081 1294 2144 lllud
1263 2109 1316 2146 ταν
1338 2091 1377 2146 ita

264 2183 371 2230 tantum
389 2171 458 2230 lcrri
474 2183 586 2250 posset,
610 2173 635 2230 si
650 2170 703 2234 τόν
711 2167 860 2251 Ἀσιήτιδα
876 2191 928 2249 per
946 2190 976 2229 se
990 2167 1025 2230 de
1041 2168 1243 2229 Andromacha
1257 2167 1374 2240 dictum,

265 2255 368 2336 γένναν
388 2265 482 2314 autem
505 2253 668 2314 declarandi
691 2275 791 2314 caussa
813 2253 937 2313 additum
954 2264 1041 2325 esset,
1065 2265 1096 2312 ut
1111 2253 1287 2330 significaret
1305 2250 1378 2315 ιιοιτᾶ

265 2338 386 2420 γένναν,
409 2337 484 2417 quod
506 2339 568 2418 quis
590 2341 702 2418 estqui
724 2359 780 2397 non
803 2336 897 2397 videat
919 2357 1000 2416 quam
1024 2339 1200 2396 invenustum
1222 2337 1280 2394 siat

348 2439 418 2498 121
464 2435 533 2496 Par.
552 2437 590 2496 Ε.
608 2437 677 2499 Ald.
696 2438 760 2498 rell.
778 2434 878 2499 πόνων
894 2432 1008 2516 εὑρεῖν.
1029 2433 1098 2493 Par.
1113 2433 1153 2493 A.
1172 2435 1267 2496 Havn.
1285 2434 1373 2495 Taur.

264 2521 360 2579 Guell.
384 2519 471 2579 Lasc.
493 2517 593 2582 πόνων
613 2528 716 2600 τεμεῖν.
753 2520 822 2596 Par.
841 2521 878 2580 B.
897 2519 977 2579 Flor.
995 2517 1035 2577 A.
1057 2521 1106 2581 10.
1127 2520 1177 2580 15
1208 2525 1304 2598 τεμεῖν
1323 2515 1377 2580 τιό-

263 2628 330 2665 νων
374 2603 424 2662 Sic
446 2605 530 2662 etiam
553 2602 622 2663 Par.
641 2603 681 2662 D.
701 2604 751 2665 sed
772 2604 874 2663 litteris
894 2604 949 2682 βα
965 2601 1163 2681 superscriptis
1185 2601 1342 2662 ordinem
1334 2623 1377 2660 rn-

266 2685 429 2746 nectendum
452 2686 592 2746 indicans.
637 2685 732 2746 Etiam
755 2688 922 2746 scholiastes
944 2685 991 2763 leg
973 2687 1014 2743 it
1033 2691 1135 2764 τεμεῖν.

348 2787 419 2848 122.
465 2784 550 2844 Lasc.
569 2796 599 2844 et
611 2805 693 2864 pauor
685 2783 792 2843 codd.
804 2783 1046 2863 σονειιλεισοινριο
1055 2784 1170 2862 uulgato
1179 2780 1376 2865 σονειιληισαν

347 2885 420 2945 123.
465 2880 534 2941 Α1ι1.
560 2883 624 2942 rell.
650 2887 765 2962 τλᾶμον.
804 2881 893 2940 Taur.
919 2888 1034 2962 τλῆμον.
1076 2881 1146 2942 Par.
1171 2881 1209 2942 Ε.
1235 2884 1316 2943 Flor.
1342 2887 1373 2946 2.

262 2967 343 3028 Vict.
362 2963 447 3024 Lasc.
465 2960 588 3044 τλάμων.
629 2963 698 3024 Par.
716 2964 756 3024 A.
775 2964 811 3023 B.
830 2965 910 3024 Flor.
928 2964 968 3025 A.
990 2969 1039 3029 lo.
1059 2968 1108 3027 15.
1128 2967 1223 3026 Hatn.
1241 2963 1292 3027 τλό
1292 2991 1375 3046 μ.ονα

265 3048 362 3107 Guell.
386 3043 521 3126 τλήμονα.
559 3047 694 3128 Plerique
715 3048 839 3107 editores
861 3048 1017 3128 probarunt
1037 3051 1206 3108 vocativum.
1247 3048 1376 3110 Accusa-

264 3133 351 3190 tivum
374 3141 543 3210 receperunt
563 3132 726 3192 Brunckius
747 3131 971 3210 etLentingins‚
995 3143 1193 3212 contraquam
1211 3135 1377 3193 incensura

264 3212 417 3294 disputarit
437 3212 602 3293 Plluglrins‚
626 3235 657 3274 re
679 3237 735 3274 non
749 3227 908 3295 perspecte.
952 3215 1021 3274 Non
1043 3225 1087 3274 est
1107 3217 1182 3275 eninr
1204 3213 1236 3276 ol
1250 3211 1377 3296 adducunt

264 3296 508 3376 coniungendam
532 3298 583 3358 sed
603 3294 730 3378 τλάμονα
751 3319 802 3378 per
823 3299 1026 3378 appositionem
1048 3297 1206 3371 adiectum,
1230 3241 1323 3378 ιμιοδμ
1327 3320 1377 3359 ex-

264 3382 386 3460 plicatur
414 3381 596 3460 sequentihus
624 3382 734 3453 verbis,
763 3385 913 3453 meierum,
944 3402 1027 3460 quom
1054 3387 1262 3445 communicare
1283 3395 1375 3444 torum

264 3484 326 3522 com
346 3467 500 3524 Ηονιιιιοιιο
522 3475 664 3542 oporteat.

347 3562 419 3623 128.
464 3559 534 3620 Par.
557 3560 597 3621 A.
621 3574 654 3621 ut
673 3562 840 3642 Lentingius
862 3564 913 3635 ait,
937 3561 968 3645 ty
969 3562 1107 3646 γενέταισι
1127 3583 1190 3623 cum
1210 3566 1305 3642 glossa
1325 3587 1376 3626 ιιο

264 3638 394 3715 λίταις“
373 3667 393 3722 η
414 3639 552 3726 ἐκγόνοις.
587 3643 673 3706 Lasc.
699 3645 732 3708 ἐκ
751 3645 848 3732 γῃενέτ
850 3665 886 3708 σι.
927 3587 997 3706 Par.
1013 3647 1053 3705 B.
1071 3647 1152 3706 Flor.
1169 3647 1209 3706 A.
1229 3651 1261 3709 2.
1284 3649 1373 3708 Tanr

265 3727 361 3785 Gnell.
386 3725 552 3826 ἕνγενὲτρσι.
582 3729 678 3789 Hatn'.
701 3670 896 3812 ἐγγενέταδσιν.
922 3728 1279 3811 Α1ι1.το11.ἐιιγενέταισι,
1302 3729 1376 3810 quod

265 3809 426 3870 Brunckius
452 3811 536 3870 etiam
565 3813 594 3870 in
621 3810 690 3872 Par.
714 3816 753 3871 A.
777 3833 841 3874 esse
862 3811 944 3872 dixit.
990 3812 1058 3873 Non
1080 3814 1230 3873 barhmum
1252 3825 1314 3885 est,
1346 3824 1377 3872 ut

264 3892 396 3971 Pssugkio
418 3895 525 3965 uisum,
555 3894 631 3975 qnod
651 3895 820 3974 Lentingius
841 3894 930 3956 edidit
951 3893 1124 3981 ἐγγενὲτῃσι,
1151 3895 1201 3956 sed
1223 3917 1308 3994 quum
1330 3916 1376 3956 res
1485 3945 1486 3950 1

264 3997 319 4036 non
348 3975 630 4044 Lacedaemonev
593 3989 709 4056 agatur,
742 3999 797 4037 non
825 3989 941 4059 apparet
969 3999 1021 4039 cur
1042 3957 1192 4058 irldigenae
1213 3981 1307 4058 potins
1329 3990 1378 4039 ant

263 4061 340 4120 ciues
369 4060 607 4133 Lacedaemonis,
644 4080 728 4140 qnam
757 4062 835 4120 illinc
867 4059 980 4120 oriundi
1009 4061 1140 4122 dieantur
1167 4062 1319 4122 Menelaus
1348 4073 1377 4123 et

263 4141 432 4202 Hermiona.
478 4143 597 4220 Signum
619 4142 814 4242 interrogandi
835 4145 1039 4226 aMusgravio
1060 4157 1207 4244 acceptum
1229 4156 1378 4206 servarunt

263 4222 399 4284 editores.
450 4223 492 4283 At
520 4227 604 4285 etiam
634 4227 696 4288 sine
717 4229 939 4332 interrogatione
962 4229 1032 4288 hace
1054 4231 1180 4308 graviter
1200 4227 1277 4288 dicta
1298 4239 1374 4299 sunt,

264 4315 295 4362 ut
316 4304 490 4365 declarantia
511 4305 580 4366 illud
601 4304 714 4391 λόγισαι
733 4305 766 4374 τὸ
788 4307 884 4392 παρὸν
903 4305 1003 4372 ιιοοιόν.

347 4403 419 4464 130.
464 4403 532 4464 Par.
551 4405 589 4466 Ε
607 4407 688 4468 Flor.
706 4412 738 4473 2.
756 4408 841 4468 Lare.
859 4414 912 4482 τᾶς
926 4410 1048 4472 ποντίου
1061 4414 1143 4482 θεᾶς.
1172 4407 1267 4470 Guelf.
1282 4408 1372 4466 Taur.

262 4487 314 4555 τᾶς
332 4484 453 4557 ,ποντίας
468 4491 551 4559 θεοῖς.
588 4489 722 4570 Plerique
740 4491 823 4552 codd.
843 4513 905 4552 eum
919 4491 988 4553 Ald.
1007 4495 1122 4554 rell.
1087 4516 1142 4566 τας
1156 4490 1274 4562 ποντίας
1288 4494 1374 4557 θεοῦ.
