3022 5140
666 321 714 396 25

129 512 282 606 φιλοῦσι
307 501 382 607 γάρ
408 503 445 598 μ’
459 503 626 598 Ἕλληνες
643 501 817 602 Ἕκτορός
840 505 869 578 τ’
893 506 984 594 ἄπο,

129 627 228 726 αὐτή
249 631 280 705 τ’
308 627 464 728 ἀμαυροὶ
486 627 555 704 κού
577 628 762 726 τύραννος
785 625 833 722 ἦν
859 633 1038 733 Φρυγῶν.

129 756 202 830 οὐκ
228 757 267 840 ἐξ
291 756 393 850 ἐμῶν
414 775 454 828 σε
480 748 694 853 φαρμάκων
719 759 848 855 στυγεῖ
866 751 983 844 πόσις,

132 880 210 952 ἀλλ’
234 884 265 954 ei
293 881 457 963 ξυνεῖναι
479 876 532 976 μὴ
553 875 736 972 ’πιτηόεέα
760 884 894 977 κυρεῖς.

132 1001 289 1102 φίλτρον
315 1000 356 1076 δὲ
381 1002 445 1078 καὶ
464 999 557 1078 τόιλ”
584 1001 693 1078 οὐτὸ
715 999 864 1091 κόλλος,
892 999 922 1102 οὗ
947 998 1071 1104 γόνοιο,

132 1127 208 1202 ἀλλ’
232 1126 375 1224 ’ἀρεταὶ
394 1125 567 1225 τέρπουσι
594 1124 683 1210 τοὺς
708 1128 936 1212 ξυνευνέτος.

134 1251 181 1326 σύ
208 1249 244 1326 d'
271 1252 318 1345 ἢν
343 1279 379 1326 τι
403 1252 579 1346 arcadicis,
606 1249 630 1345 ἡ
655 1247 834 1328 Λάκαινα
859 1251 931 1352 μὲν
956 1252 1060 1335 πόλις

130 1376 212 1478 μέγ’
240 1374 335 1463 ἐστι’,
361 1373 431 1470 τὴν
456 1373 497 1450 ds*-
523 1382 679 1475 Σκῦρον
702 1375 875 1474 οὐδαμοῦ
900 1377 1021 1473 τίθης,
1133 1465 1136 1472 λ
1257 1387 1320 1452 210

131 1505 302 1582 πλουτεῖς
328 1497 363 1574 δ’
389 1501 429 1573 ἐν
453 1499 499 1573 οὐ
523 1505 744 1587 πλουτοῦσι,
771 1502 967 1586 Μενέλεως
991 1502 1037 1579 όέ
1059 1529 1115 1580 σοι

131 1624 272 1722 μείζων
292 1622 491 1720 Ἀχιλλέως.
516 1625 638 1700 τοῦτοί
660 1624 719 1700 τοί
742 1625 773 1700 ο’
800 1628 903 1722 ἔχθει
928 1623 1045 1711 πόσις.

128 1749 204 1850 χρὴ
229 1748 303 1852 γὰρ
325 1755 508 1852 γυναῖκα,
535 1747 610 1825 κᾶν
635 1756 743 1850 κακῷ
769 1749 870 1847 δοθῇ
896 1748 1013 1840 πόσει,

132 1875 316 1977 στέργειν,
341 1869 503 1971 ἅμιλλόν
525 1874 555 1947 τ’
582 1874 653 1950 οὐκ
674 1876 770 1970 ἔχειν
796 1872 1046 1977 φρονήματος.

132 2006 164 2074 ελ
190 1997 226 2074 d‘
250 1997 350 2097 ἀμφὶ
379 2002 536 2096 θρῃκιῦν
557 1995 659 2093 χιόνι
683 2007 755 2101 γῆν
779 1997 1013 2098 κατάρρυτον
1257 2011 1321 2074 215

131 2121 324 2223 τόραννον
347 2123 448 2218 έσχες
473 2122 600 2221 ἄνδρ’,
625 2123 679 2198 ἵν’
705 2126 746 2200 ἐν
770 2125 872 2223 μέρει
898 2123 1001 2220 λέχος

133 2246 269 2325 (λίιλωσι
290 2251 439 2329 πολλοῖς
462 2245 513 2328 εἷς
538 2245 633 2345 ἀνὴρ
659 2245 910 2345 κοινούμενος,

134 2459 412 2472 *ηιμ-ι·-

216 2585 290 2648 213.
335 2582 832 2666 Τευι.(1οο11.Α1ι1.τε11.χρῄν.
882 2583 968 2644 Lase.
1000 2595 1030 2644 et
1056 2585 1163 2644 caeteri
1186 2584 1250 2644 iibri

132 2663 195 2750 χρὴ.
239 2664 352 2726 Deinde
371 2665 441 2727 Par.
466 2667 503 2726 Β.
521 2666 602 2726 Flor.
621 2665 661 2725 Α.
681 2667 732 2730 10.
753 2668 845 2731 ihi
893 2673 907 2686 ”
928 2662 1020 2730 πόσει.
1063 2668 1133 2727 Par.
1151 2667 1190 2726 A.
1209 2667 1247 2725 Ε.

132 2751 230 2810 Havn.
254 2750 336 2810 Flor.
354 2751 386 2813 2.
410 2750 499 2812 Tanr.
524 2751 621 2810 Gueif.
644 2750 730 2810 Lasc.
752 2750 824 2810 Att.
843 2752 885 2811 rel
900 2795 908 2812 .
926 2745 1010 2814 πόσει
1034 2751 1122 2837 δοθῇ.
1164 2747 1251 2810 Prius

133 2833 204 2893 ittut
225 2832 367 2893 Matthiae
389 2834 494 2913 aliique
516 2845 712 2912 susceperunt.

214 2933 290 2996 215.
335 2930 416 2992 Libri
438 2930 465 2992 ελ
484 2926 515 2993 d’
534 2926 611 3010 ἀμφὶ
629 2927 749 3018 Θρῄκην
764 2927 838 3013 χιόνι
853 2929 907 3014 τὴν
922 2928 1112 3014 κατόρόιπον.
1144 2931 1251 2992 Exem-

132 3016 180 3096 pla
209 3016 252 3074 sic
280 3016 366 3095 positi
393 3015 506 3073 articuli
534 3017 615 3074 varia
635 3027 665 3075 ct
686 3036 740 3094 ego
763 3015 798 3076 ud
821 3017 911 3097 Soph.
933 3017 983 3076 hi.
1004 3018 1096 3082 1007.
1115 3028 1155 3088 et,
1180 3036 1252 3095 quos

131 3097 282 3176 Pssughins
312 3099 482 3169 nominavit,
512 3097 665 3158 Dobraens
694 3097 732 3157 ad
757 3098 907 3180 Aristoph.
938 3101 995 3179 Eq.
1014 3101 1087 3163 071.
1110 3112 1140 3160 ct
1159 3099 1251 3159 Hein-

133 3180 240 3240 dorfius
270 3179 307 3240 nd
336 3181 413 3240 Piat.
444 3179 593 3240 Phaedon.
620 3181 672 3244 84.
697 3182 863 3242 attuierunt.
916 3182 1089 3262 Plerumque
1111 3184 1158 3242 hic
1180 3181 1250 3240 ordo

131 3264 285 3324 verborum
315 3283 443 3323 caussam
474 3265 560 3323 hahet
580 3265 770 3337 rhetoricam,
800 3286 874 3324 nunc
896 3264 1089 3345 praeponendi
1110 3267 1251 3343 gravioris

131 3347 213 3406 verbi
236 3349 450 3430 necessitatem,
483 3367 557 3406 nnnc
579 3367 742 3419 numerum,
772 3368 847 3407 nunc
868 3351 1025 3408 suaviorem
1050 3368 1167 3420 sonum,
1198 3348 1252 3406 ali-

133 3429 247 3510 qnando
276 3433 360 3491 etiam
388 3442 519 3489 metrum.
564 3432 621 3490 Hic
649 3429 778 3511 quidem,
810 3434 834 3490 si
863 3434 978 3512 scripsit
1001 3430 1154 3511 Euripides
1176 3430 1252 3511 qnod

133 3515 163 3571 in
185 3511 266 3572 libris
287 3525 347 3588 est,
371 3515 420 3572 vix
440 3515 566 3592 effugere
588 3516 836 3593 reprehensionem
867 3527 971 3596 potest.
1023 3515 1073 3574 Sic
1094 3517 1168 3575 enim
1191 3516 1252 3574 coi·

134 3598 229 3656 iocata
250 3608 316 3656 sunt
336 3598 434 3668 verba,
457 3608 489 3654 ut
509 3599 534 3656 si
556 3600 634 3656 nives
657 3598 764 3677 ahquid
786 3598 822 3658 ad
844 3620 902 3659 rem
926 3601 1042 3672 iaciant,
1067 3598 1252 3678 eamdemque

133 3681 190 3739 vim
213 3679 299 3739 hahet
320 3681 473 3751 articulus,
505 3683 612 3740 nomini
637 3679 757 3766 Θρῄκην
776 3685 959 3763 postpositus.
1005 3683 1098 3756 Quem
1120 3685 1145 3742 si
1165 3683 1253 3741 vellet

133 3773 324 3842 postponere,
349 3782 402 3821 cur
420 3783 475 3820 non
498 3766 613 3843 scripsit
634 3764 661 3824 εἰ
685 3761 713 3826 δ’
738 3761 814 3844 ἀμφὶ
838 3763 957 3850 Θρῄκην
977 3762 1031 3844 τὴν
1051 3761 1127 3844 χιόνι
1148 3759 1253 3844 κατόρ-

133 3845 241 3924 donov?
285 3846 318 3904 Si
339 3846 393 3905 hoc
416 3867 472 3904 non
494 3849 624 3927 scripsit,
650 3849 737 3907 multo
759 3850 851 3907 minus
873 3849 920 3920 id,
945 3847 1021 3928 quod
1043 3850 1071 3906 in
1094 3848 1173 3906 tibris
1194 3857 1249 3905 est.

132 3927 245 3988 Videor
274 3931 343 3988 mihi
372 3948 467 3989 veram
501 3932 669 4009 scripturam
697 3933 857 4010 reposuisse
882 3934 1007 4016 Θηκῶν
1027 3925 1103 4009 χιόνι
1122 3933 1179 4011 γῆν
1201 3951 1252 3989 κο-

132 4006 285 4092 τόρῤυκον.
335 4013 446 4092 Aperta
475 4025 519 4072 est
545 4015 606 4072 vitii
636 4015 728 4091 origo.
774 4014 867 4087 Quum
891 4038 944 4092 την
965 4033 1017 4093 pro
1038 4016 1094 4094 γῆν
1115 4012 1250 4089 scripturn

133 4106 225 4167 esset,
251 4097 414 4155 necessario
439 4096 564 4184 Θρῃκῶν
586 4097 614 4154 in
639 4093 759 4180 Θρῄκην
780 4109 843 4156 erat
864 4096 1038 4156 mutandum.

139 4261 145 4274 ρ
215 4194 289 4256 217.
335 4193 405 4254 Par.
427 4195 464 4253 Β.
488 4195 526 4254 E.
551 4195 631 4255 Flor.
650 4192 689 4252 Α.
710 4195 760 4257 10.
780 4197 830 4258 15.
855 4195 935 4257 Vict.
954 4194 1039 4255 Lasc.
1063 4187 1250 4274 κοιμώμενος.

131 4273 202 4335 Par.
234 4277 274 4335 A.
307 4277 403 4338 Havn.
434 4278 523 4338 Tanr.
557 4278 653 4337 Guelf.
683 4276 752 4337 Att.
777 4280 841 4337 rell.
868 4275 1066 4358 κοινούμενος.
1110 4278 1252 4336 Luzacins

132 4378 217 4437 qurum
241 4361 270 4418 in
293 4360 387 4420 Lectt.
412 4359 475 4420 Aut.
500 4384 528 4441 p.
548 4364 599 4424 35.
624 4372 683 4420 not.
707 4363 760 4425 32.
786 4363 891 4422 rectius
914 4364 970 4441 legi
987 4359 1189 4440 κοινουμένοις
1210 4360 1252 4419 di-

133 4453 232 4526 ροισι,
265 4465 321 4503 non
351 4442 464 4504 videtur
493 4456 658 4524 reputasse,
691 4446 774 4506 etiam
802 4445 875 4526 quod
899 4447 1057 4526 elegantius
1079 4458 1123 4504 cst
1144 4455 1251 4505 rectum

133 4544 213 4597 csse,
240 4528 263 4584 si
286 4530 426 4586 sententia
450 4525 548 4587 eadem
571 4527 686 4588 evadat.
