3032 5132
683 321 733 393 77

249 519 379 614 nolanae
408 512 552 615 Θήβας,
584 524 715 616 κῶμον
738 513 997 595 ἀναυλότατον
1021 515 1265 619 προχορεύεις,
1278 528 1341 591 790

250 643 334 718 οὐδ’
365 641 438 718 ὑπὸ
463 645 703 742 θυρσομανεῖ
724 641 913 742 νεβρίδων
937 644 1031 744 μέτα
1055 642 1145 745 δίνᾳ

249 769 392 869 ἅρμασι
416 766 480 844 καί
505 768 653 870 ψαλίοις
676 766 929 869 τετραβάμοσι
946 767 1106 868 μαίνυχα
1122 781 1264 848 πῶλον·

240 897 416 994 Ἰσμηνοῦ
440 896 474 972 τ’
504 894 565 972 tot
585 893 747 994 χεύμασι
770 893 922 994 βαίνων

141 1135 393 1147 -m

148 1282 357 1352 ἀναυλότατον
379 1280 579 1368 προχορεύεις.
621 1288 682 1348 Etsi
704 1287 794 1348 eodem
815 1307 859 1347 ras
881 1287 960 1358 redit,
982 1291 1047 1347 siro·
1060 1294 1107 1358 sie,
1129 1292 1184 1347 stre
1205 1299 1266 1368 post

148 1374 255 1454 αίματι
279 1367 388 1452 Θήβας
408 1377 607 1452 interpungitur,
629 1381 714 1433 tamen
730 1375 781 1433 hoe
801 1378 931 1452 posterius
953 1384 1021 1432 nnete
1043 1395 1100 1434 curn
1123 1373 1266 1434 scholiasta

147 1462 289 1520 adinissum
311 1460 422 1538 ridetur,
443 1463 503 1535 quia
524 1460 621 1535 alioqui
642 1467 728 1516 tamen
749 1457 781 1516 ad
803 1449 984 1529 ἐπιπνεύσας
1005 1459 1170 1536 repetendum
1193 1467 1265 1519 esset

148 1542 255 1624 αίματι
279 1537 397 1624 Θήβας.

233 1654 305 1714 791.
331 1654 393 1714 Nou
421 1657 513 1712 mirum
541 1657 582 1709 est
615 1655 642 1710 iu
670 1657 742 1710 tanto
770 1653 904 1708 verborum
927 1652 1051 1729 strepitu,
1075 1670 1125 1727 quo
1148 1651 1263 1710 eamdem

148 1744 301 1799 sententiam
324 1738 496 1797 tumidissime
519 1735 686 1813 amplificavit
706 1732 854 1812 Euripides,
876 1739 1017 1792 nescivisse
1039 1740 1191 1812 interpretes
1213 1757 1264 1813 quo

147 1845 177 1883 so
197 1833 334 1894 verterent,
355 1843 432 1900 quum
454 1825 606 1900 praesertim
627 1824 704 1880 etlam
726 1825 855 1898 scriptura
875 1829 946 1878 esset
967 1829 1095 1897 corrupta.
1138 1822 1169 1878 ln
1192 1821 1265 1878 libris

146 1918 203 1972 est:
234 1902 306 1968 οὐδ’
335 1899 396 1968 tut
423 1908 619 1988 θυρσομανεῖ
642 1901 789 1985 νεβρίδων
813 1899 892 1980 μίτα
919 1897 1042 1976 δινεύεις
1068 1897 1185 1982 ἅρμασι
1214 1903 1264 1964 nal

145 1991 269 2071 ψαλίων
295 1984 503 2072 τετραβάμοσι
530 1983 657 2068 μιόννχα
684 1990 796 2049 πῶλον.
839 1989 937 2047 Omitto
964 2008 1029 2065 quae
1050 1992 1078 2046 in
1098 1989 1140 2046 luis
1162 1989 1265 2066 quidauu

147 2080 249 2138 codices
281 2083 376 2136 vitiose
408 2083 505 2154 scripta
530 2075 638 2144 habent,
666 2075 712 2132 sed
739 2077 837 2150 aliquot
869 2073 942 2132 codd.
975 2081 1001 2131 et
1028 2071 1147 2132 Tharnen
1169 2074 1209 2132 nt.
1237 2077 1265 2131 in

146 2156 281 2241 ψόλλισν
307 2182 333 2238 ρ.
360 2159 432 2231 403,
455 2162 483 2221 l.
504 2158 630 2236 ψαλίοις
650 2161 691 2216 rel
713 2158 866 2234 ψαλλίσις.
910 2159 979 2216 Tunr
1001 2166 1061 2217 ante
1081 2151 1199 2236 ἅρμασι
1221 2159 1266 2217 oli·

147 2258 209 2327 quot
236 2248 347 2316 codices,
368 2251 395 2304 in
417 2248 510 2323 quibus
531 2246 603 2304 Flur.
626 2241 676 2301 33.
698 2244 796 2302 addunt
817 2237 900 2302 ἀλλ’.
943 2243 983 2300 Es
1004 2246 1131 2319 particula
1152 2265 1203 2302 nun
1225 2253 1266 2301 est

146 2339 173 2392 in
197 2333 316 2391 tredecim
339 2331 409 2391 Mss.
431 2350 514 2408 neque
535 2333 563 2387 in
585 2327 643 2386 edd.
666 2336 726 2385 vett.
776 2329 807 2385 ln
828 2326 899 2406 Aug.
923 2330 947 2386 b.
969 2327 1098 2404 adscripto
1120 2338 1212 2386 estut
1233 2331 1264 2386 ab

147 2424 293 2495 interprete,
313 2420 340 2474 in
361 2415 430 2475 Ven.
452 2435 477 2474 τ.
499 2416 530 2473 ab
552 2411 665 2472 secunda
687 2431 774 2480 manu,
796 2421 821 2469 et
841 2416 869 2474 in
890 2410 962 2490 Aug.
984 2412 1010 2470 d.
1032 2413 1066 2472 ud
1082 2405 1198 2490 ίίρμασι
1222 2433 1264 2472 su·

146 2524 193 2582 pra
220 2494 454 2579 scripturn.dlld
482 2497 522 2560 ἐν.
569 2500 706 2572 Perlnepte
728 2497 899 2557 scholiastae:
923 2491 1003 2558 οὐδ’
1026 2490 1100 2556 irad
1123 2499 1265 2576 θυρσο·

145 2592 270 2664 μανεῖ.
298 2581 364 2646 ἀντί
394 2583 450 2646 τοῦ
471 2583 707 2662 θυρσομανοῦς.
735 2576 810 2659 λέγει
827 2577 861 2640 δέ
881 2581 938 2642 τοῦ
959 2574 1124 2642 Διονύσου.
1152 2574 1265 2658 qdod

119 2718 122 2723 -
146 2667 213 2732 όντί
242 2672 297 2748 τῆς
324 2663 411 2743 σύν,
439 2663 496 2728 σῦν
518 2669 714 2747 θυρσομανεῖ
730 2660 886 2748 Διονύσῳ.
929 2665 973 2726 Ex
995 2666 1170 2726 audacissima
1191 2667 1266 2726 Mus·

146 2761 229 2836 grarli
256 2759 403 2816 coniectura
434 2755 570 2814 Porsonus
601 2752 694 2811 edidit:
730 2743 766 2810 οῦ
796 2746 877 2810 πόδα
905 2751 1091 2830 θνρσομανῆ
1118 2749 1266 2827 νεβρίδων

145 2838 225 2918 μίτα
258 2833 394 2913 δινεόεις,
427 2833 498 2899 ἀλλ’
532 2831 651 2917 Ιι’ίρμασι
676 2833 727 2897 καί
755 2835 881 2911 ψαλίοις
908 2830 1117 2912 τετραβάμοσι
1137 2830 1265 2913 μιόνυχα

148 2926 259 2998 πῶλον,
282 2935 357 3002 atquo
379 2934 409 2984 ut
428 2923 629 3002 antistroplu'cus
650 2941 743 2980 versus
765 2931 925 3000 congrueret,
947 2920 1008 2980 lruio
1030 2941 1130 2998 quoque
1147 2922 1265 2980 euurderu

146 3013 221 3070 valde
247 3017 411 3070 invenustum
442 3029 576 3068 numeruru
599 3010 771 3076 obtruseruut,
793 3027 850 3064 curn
874 3008 966 3064 Grutio
989 3017 1013 3064 et
1036 3007 1126 3086 Ktngtt
1149 3006 1207 3068 cod.
1229 3005 1265 3065 K.

147 3094 180 3156 ἓν
211 3105 270 3154 ante
298 3095 441 3172 χηλαῖσιν
469 3097 620 3150 inserentes.
670 3090 752 3146 Sedes
779 3094 836 3149 vitii
864 3100 905 3146 est
932 3093 960 3148 iu
986 3082 1119 3162 δινεύεις,
1147 3101 1266 3166 recteque
1367 3089 1369 3097 ’

145 3181 224 3259 uulgo
253 3184 379 3239 omissum
407 3169 492 3234 ἀλλ’.
540 3173 708 3230 Scribcndurn
742 3183 796 3228 erat
824 3171 903 3254 δίνρι.
952 3173 1080 3234 Cohaeret
1107 3179 1189 3232 oratio
1215 3174 1266 3231 hoc

143 3265 237 3332 modo:
271 3262 376 3338 κῶμον
405 3251 615 3318 ἀναυλότατον
642 3247 851 3334 προχορεύεις,
886 3247 954 3314 οὐδ’
985 3248 1045 3314 tat
1073 3256 1269 3336 θυρσομανεῖ

146 3347 293 3429 νεβρίδων
318 3341 398 3423 μίτα
425 3340 509 3426 δίνρ,
536 3334 653 3418 ίίρμασι
681 3336 731 3398 καί
761 3337 888 3414 ψαλίοις
909 3332 1116 3417 τετραβάμοσι
1136 3333 1265 3418 μῶνυχα

146 3435 267 3494 πῶλον·
289 3434 467 3490 saltationem
489 3431 629 3486 dissonam
642 3427 784 3500 praestas,
801 3445 851 3484 acc
872 3429 944 3486 inter
964 3425 1129 3500 thyrrenum
1146 3431 1265 3488 cervinis

144 3523 263 3596 potatos
285 3516 469 3591 furibundam
492 3515 670 3577 rotationem,
690 3514 815 3568 caecitas
835 3521 860 3568 et
877 3514 966 3586 fronte
988 3515 1265 3588 quadrupedantibus

145 3604 318 3676 ιιιιααραίααι
344 3615 449 3673 equum.
491 3595 535 3654 Ad
555 3597 659 3672 κῶμον
679 3599 931 3672 per.appositionem
954 3594 1041 3656 addita
1063 3606 1126 3658 sunt
1146 3590 1264 3678 ίίρμασι
1359 3593 1360 3598 ’

146 3685 197 3746 καί
218 3679 345 3761 ψαλίοις
364 3673 570 3763 τετραβάμοσι
590 3673 719 3758 μῶνυχα
739 3679 852 3740 πῶλον.

209 3799 303 3862 793.
325 3801 401 3859 Haec
421 3799 587 3858 vehementer
607 3808 726 3872 corrupta
747 3803 817 3852 sunt.
862 3796 994 3854 Omissuru
1011 3801 1045 3853 in
1066 3796 1125 3854 edd.
1146 3803 1207 3854 vett.
1229 3790 1262 3853 τ’

146 3894 208 3962 post
223 3878 371 3964 Ἰσμηνοῦ
393 3885 492 3945 addunt
512 3883 587 3941 mut.
609 3884 664 3939 fere
685 3899 785 3937 ornnes.
806 3879 857 3936 Sed
879 3879 972 3935 delude
991 3883 1019 3936 in
1041 3879 1099 3937 edd.
1119 3885 1181 3936 vett.
1204 3885 1265 3937 scri·

145 3977 235 4048 ptum:
263 3965 409 4030 ίππιίαισι
436 3960 567 4040 θοάζεις,
591 3959 742 4041 Ἀργείους
770 3955 961 4038 ίπιπνεύσας,
982 3964 1129 4036 σπαρτῶν
1148 3959 1263 4041 χίνναν,
1361 3969 1365 3976 ’

146 4048 401 4133 άσπιδοφίρμονα
427 4050 561 4112 θίσσσον
588 4043 729 4117 ίνοπλον,
756 4039 923 4104 ἀντίπαλον
947 4042 1026 4105 κατὰ
1052 4039 1139 4106 λάϊνα
1166 4045 1264 4124 τείχεα

144 4137 251 4218 χαλκῷ
279 4129 445 4211 κοσμήσας.
487 4134 596 4208 Aliquot
622 4130 724 4188 codices
747 4123 899 4208 Ἀργείοις,
922 4133 982 4188 item
1004 4126 1092 4210 χίννα
1114 4133 1154 4189 rel
1175 4127 1264 4210 ye'rua

145 4225 274 4302 plerique3
300 4225 376 4299 pauci
403 4219 495 4277 deinde
520 4211 657 4275 edoaluv.
706 4213 793 4271 Schol.
815 4213 871 4271 cod.
893 4215 1002 4274 Barocc.
1023 4214 1075 4275 74.
1102 4193 1264 4277 εῦοπλοίι

146 4305 181 4367 δὲ
201 4300 309 4386 γράψε,
329 4301 374 4382 μὴ
397 4298 566 4363 ίνοπλσν.
588 4293 670 4358 οῦτω
689 4291 746 4377 γὰρ
768 4289 890 4372 ἁρμόζει
911 4300 955 4380 τῷ
976 4296 1088 4382 μίτρην.
1120 4301 1264 4372 Porsonus,

146 4392 211 4451 nilril
239 4410 333 4449 curans
359 4392 522 4457 sententium,
548 4383 595 4442 sed
616 4383 648 4442 ed
676 4384 760 4440 solum
782 4383 881 4441 hiatum
904 4403 977 4460 quern
999 4382 1087 4468 χίννρ
1109 4387 1189 4443 iaciat
1209 4389 1263 4444 eni·

146 4497 216 4534 mum
239 4475 383 4546 attendens,
403 4477 521 4550 scripsit:
539 4464 682 4547 Ἰσμηνοῦ
703 4461 734 4526 τ’
759 4465 807 4528 tut
826 4461 958 4545 χεύμασι
974 4468 1099 4546 βαίνων,
1117 4467 1263 4531 ίππείαισι

146 4556 277 4645 θοάζεις,
303 4555 456 4642 Ἀργείους
487 4547 669 4627 ἐπιπνεύσας
696 4547 786 4639 χίννρ
813 4550 980 4634 Σπαρτῶν,
1007 4549 1262 4638 άσιειδοψίρμονα
1292 4573 1298 4584 “
