3026 5134
799 328 850 402 60

268 511 438 604 ἑστῶτες,
465 507 583 585 ὠθεῖν
606 506 699 609 πρὸς
722 506 792 587 τὸν
813 509 1018 610 ὀφθαλμὸν
1041 511 1085 588 τὸ
1111 521 1202 614 πῦρ.

591 691 1043 792 Hmrxorromst‘.

266 824 371 923 ἡμεῖς
393 823 434 902 dd
455 824 572 922 χωλαί
594 826 634 930 7³
660 825 796 927 ἀρτίως
821 825 1064 931 γεγενήμεθα.

708 1015 753 1086 X
759 1013 931 1088 ΟΡΟΣ.

204 1197 207 1202 -
264 1139 405 1217 ταύτόν
430 1137 640 1216 πεπόνθατ’
666 1141 731 1242 ἆρ’
758 1143 851 1242 ἐμοί.

592 1328 968 1404 ΗΜΙΧΟΡΙΟΝ
985 1326 1043 1426 β’.

864 1460 953 1545 τούς
976 1460 1050 1563 γὰρ
1077 1460 1197 1550 πόδας

195 1583 418 1665 64οἑστῶτες
443 1577 684 1681 tentatam
709 1585 778 1661 οὐκ
804 1585 880 1664 otd’
907 1589 946 1671 ἐξ
969 1585 1067 1663 ὅτου.

263 1937 412 1998 personam
431 1914 597 2020 adscripsit,
622 1937 703 1996 quem
718 1919 832 1998 sequuti
854 1929 919 1978 sunt
941 1919 1079 1980 Canterus
1101 1933 1130 1980 et
1151 1923 1267 1981 caeteri.
1311 1921 1369 1982 Le-

262 2001 382 2080 gebatur
400 2000 486 2079 vulgo
513 2007 596 2080 ημεῖς
615 1998 668 2081 μέν
692 2000 777 2080 ἐσμεν
805 1997 983 2083 μακρότεροι,
1026 2002 1156 2082 Scaliger
1177 2017 1207 2064 et
1229 2004 1368 2064 Canterus

261 2085 445 2143 coniecerunt
464 2079 634 2164 μικρότεροι.
678 2084 818 2144 Matthiae
838 2081 1014 2168 μακρότερον
1035 2087 1079 2146 vel
1093 2085 1275 2170 μακροτέρα,
1297 2109 1367 2169 quo-

261 2187 323 2227 rum
346 2169 423 2246 prius
445 2164 546 2227 deinde
568 2168 603 2227 ab
624 2171 689 2229 aliis
711 2179 866 2247 receptum.

342 2267 415 2331 637.
459 2264 534 2326 Edd.
565 2278 635 2327 vett.
658 2261 733 2347 πρὸς
761 2260 813 2328 τὸν
832 2260 997 2346 ὀφθαλμόν.
1040 2265 1181 2328 Matthiae
1203 2271 1306 2352 aliique
1327 2289 1365 2330 ex

260 2350 340 2409 Flor.
364 2353 396 2414 l.
419 2350 450 2413 2.
474 2348 505 2423 ἐς
521 2344 573 2412 τόν
593 2344 761 2429 ὀφθαλμόν.
801 2347 1050 2410 Accommodatius
1071 2353 1117 2412 hic
1138 2347 1219 2435 πρός.

342 2450 414 2512 639.
457 2449 491 2509 In
521 2447 587 2509 edd.
615 2459 684 2509 vett.
717 2450 813 2530 priora
836 2450 918 2508 buius
941 2451 1039 2510 versus
1066 2447 1154 2510 verba'
1173 2451 1271 2524 Ulixi,
1295 2453 1364 2512 reli·

259 2541 315 2613 qua
337 2534 424 2602 choro
445 2532 561 2592 tributa.
611 2531 793 2611 Musgravius
813 2545 961 2612 utrumque
982 2553 1093 2593 versum
1114 2535 1166 2614 uni
1188 2535 1363 2594 hemicborio

259 2614 473 2676 adscribendum
505 2617 625 2676 censuit.
677 2615 817 2676 Matthiae
834 2617 942 2696 =quique
971 2636 1034 2676 eum
1056 2619 1168 2696 sequuti
1188 2629 1271 2690 sunt,
1296 2615 1362 2678 iude

258 2720 277 2758 a
290 2721 323 2760 ¹v.
347 2702 419 2763 636.
444 2719 531 2779 usque
552 2697 588 2758 atl
609 2699 681 2763 642.
713 2700 806 2758 omnia
828 2696 977 2758 interduo
999 2700 1172 2762 hemicboria
1193 2700 1359 2774 diviserunt,

258 2803 359 2843 vereor
378 2803 413 2842 ne
436 2802 491 2840 non
513 2793 601 2841 reete.
632 2782 720 2852 ,Nan
745 2782 919 2840 hemiehoria
940 2779 975 2840 de
996 2802 1026 2841 se
1049 2803 1165 2843 nurnero
1193 2785 1293 2862 plurali
1318 2785 1361 2843 lo-

258 2877 399 2945 quuntur,
423 2865 559 2942 singulari
580 2874 673 2922 autem
694 2865 736 2935 is,
761 2865 809 2942 qui
824 2863 893 2922 dicit
915 2859 1020 2926 ταῦτόν
1038 2862 1201 2929 πεπόνθατ’
1224 2857 1267 2948 ἆρ’
1286 2866 1360 2946 ἐμοί.

256 2947 369 3007 Deinde
403 2947 470 3018 ille,
504 2948 552 3026 qui
584 2944 765 3005 mirabundus
795 2945 1058 3026 quaeritt'foroirsg
1079 2945 1259 3030 ἕσπᾶσθητες
1292 2949 1358 3010 dum

257 3031 321 3092 aliis
342 3050 441 3089 vanam
463 3030 672 3089 exeusationem
698 3029 813 3101 obiicit,
836 3031 918 3090 fortis
937 3029 1026 3092 videri
1045 3033 1121 3104 vult,
1147 3032 1221 3112 quod
1245 3035 1274 3092 in
1289 3053 1359 3092 neu-

256 3125 301 3174 tro
324 3114 496 3174 hemiehorio
518 3113 684 3193 reperimus.
736 3111 820 3188 Quod
849 3115 874 3194 si
899 3114 1108 3174 consideramus
1129 3136 1228 3176 versus
1248 3117 1358 3180 633—-

256 3198 329 3261 635.
358 3217 428 3276 qnos
461 3217 516 3256 non
545 3195 658 3256 dubium
693 3207 737 3256 est
770 3217 787 3256 a
813 3198 972 3278 coryphaeo
1001 3199 1198 3279 pronunciari,
1237 3199 1358 3278 intelligi

256 3301 339 3362 posse
368 3279 496 3353 videtur,
531 3300 586 3360 qua
614 3291 675 3339 arte
701 3279 853 3360 Euripides
883 3282 937 3340 hoc
963 3283 1133 3361 colloquium
1155 3284 1356 3362 composuerit.

254 3363 331 3423 Nam
359 3364 553 3442 coryphaeus,
585 3373 616 3422 ut
641 3383 719 3422 suam
745 3355 897 3444 gregisque
919 3366 962 3424 sui
985 3366 1117 3426 virtutem
1139 3367 1243 3440 iactet,
1266 3367 1357 3448 primo

255 3448 383 3525 quaerit,
425 3466 494 3525 quos
524 3447 628 3524 primos
659 3446 776 3526 aggredi
804 3446 957 3528 Cyclopem
989 3448 1057 3507 velit
1086 3449 1204 3522 Ulixes,
1239 3470 1356 3530 sperans

254 3530 326 3591 alios
350 3549 433 3610 quam
460 3520 490 3588 se
512 3526 649 3590 delectum
672 3532 718 3590 iri.
770 3530 830 3590 Iam
852 3531 1032 3591 hemichoriis
1053 3531 1280 3611 praetexentibus
1303 3533 1356 3591 ali-

254 3610 340 3692 quid,
375 3631 429 3692 qno
462 3629 525 3672 sese
554 3614 679 3693 periculo
712 3614 894 3686 subtrahant,
932 3632 963 3671 se
992 3633 1103 3693 quoque
1129 3614 1198 3674 dicit
1225 3615 1354 3676 claudum

253 3698 359 3755 facturn
387 3715 471 3768 esse,
502 3712 556 3775 quo
586 3698 669 3756 simul
697 3698 751 3757 sibi
778 3715 888 3775 quoque
917 3697 1124 3756 exeusationem
1152 3700 1272 3772 muniat,
1304 3697 1354 3758 sed

253 3791 346 3839 tamen
368 3782 448 3858 quasi
469 3798 504 3838 ea
524 3801 578 3839 non
598 3801 711 3839 usurus.
756 3780 832 3854 Quin
858 3790 1021 3858 perseverat
1043 3783 1071 3838 in
1090 3783 1277 3841 ostentatione
1295 3783 1354 3842 lor·

252 3862 379 3923 titudinis
413 3882 498 3936 suae,
530 3883 613 3943 quum
640 3864 745 3923 refutat
774 3862 854 3932 illos,
889 3862 937 3941 qui
961 3861 1077 3935 ἑστῶτες
1104 3860 1290 3944 consaepta
1309 3865 1352 3924 di-

252 3958 330 4006 cunt.
375 3945 434 4005 larn
455 3965 524 4006 vero
544 3967 627 4026 qnnm
651 3957 683 4005 ut
704 3948 820 4024 ignavos
840 3946 981 4003 contemni
1004 3945 1039 4004 ab
1061 3947 1147 4006 Ulixe
1170 3948 1288 4028 Satyros
1310 3949 1354 4008 vi-

251 4030 314 4103 det,
339 4029 465 4090 defendit
484 4049 514 4090 se
536 4040 566 4089 et
587 4047 701 4108 gregem
721 4047 819 4098 suum,
841 4037 931 4106 atque
944 4039 976 4086 ut
991 4026 1147 4089 dissimulet
1160 4031 1348 4104 formidinem,

250 4115 442 4174 incantatione
464 4133 494 4172 se
520 4114 685 4172 effecturum
711 4112 753 4169 ait
777 4109 823 4182 id,
860 4109 935 4188 quod
955 4112 1081 4172 manibus
1100 4115 1158 4174 suis
1180 4116 1274 4176 iacere
1295 4137 1350 4175 non

250 4197 345 4258 audet.
390 4197 489 4276 ltaque
506 4197 566 4267 bis,
591 4215 663 4274 qnae
682 4194 857 4272 coryphaeus
873 4192 957 4268 dicit,
981 4197 1062 4256 chori
1081 4217 1183 4258 nomen
1200 4197 1350 4278 adscripsi.

251 4280 401 4341 Caeterum
424 4277 489 4340 edd.
512 4289 581 4337 vett.
605 4272 663 4358 ἄρ’.
704 4277 844 4336 Matthiae
865 4266 927 4360 ἆρ’.

249 4405 252 4414 ⁴
333 4381 406 4444 641.
449 4377 589 4437 Matthiae
616 4397 652 4436 cx
679 4375 748 4437 Par.
779 4379 816 4439 G.
843 4389 873 4439 et
899 4379 979 4438 Flor.
1001 4380 1032 4440 l.
1062 4381 1093 4442 2.
1123 4375 1160 4441 τά
1181 4375 1208 4464 γ’
1238 4375 1351 4460 lippara

250 4464 333 4524 aliert
360 4481 411 4540 pro
439 4455 502 4521 τόδ’
526 4455 656 4540 ὄμματα,
683 4460 772 4522 tideus
798 4474 829 4522 ut
856 4461 968 4524 videtur
986 4462 1169 4541 Musgravio,
1200 4465 1249 4542 qui
1267 4462 1352 4522 Aldi-

251 4567 315 4607 nam
336 4539 402 4607 τάδ’
426 4539 540 4623 ὄμματα
568 4544 673 4607 babere
703 4547 753 4607 ait.
808 4545 850 4606 At
875 4548 1016 4607 consentit
1040 4544 1147 4606 Aldina
1172 4567 1236 4608 cum
1263 4544 1347 4608 codd.
