3028 5136
644 345 716 447 ον’

490 557 565 631 ΟΔ
577 559 653 628 ΥΣ
656 561 699 628 Σ
702 559 735 629 E
748 561 829 632 ΥΣ.

101 683 255 771 δισσούς
276 685 315 788 γ’
342 682 515 786 ἀθρήσας
536 685 822 787 κάπιβαστάσας
841 699 987 794 χεροῖν,

99 814 136 890 οἳ
163 809 302 914 σαρκὸς
322 811 422 908 εἶχον
447 811 736 913 εδτρεφίστατον
754 811 882 912 πάχος.

542 980 762 1058 ΧΟΡΟΣ.

97 1112 199 1194 πῶς,
236 1101 266 1180 ὦ
291 1103 511 1207 ταλαίπωρ’,
547 1101 612 1202 ἦτε
635 1102 840 1204 πάσχοντες
862 1106 974 1200 τάδες

491 1277 565 1350 ΟΔ
578 1279 649 1348 ΥΣ
655 1282 733 1350 ΣΕ
739 1283 818 1353 ΥΣ.

97 1395 175 1480 ἐπεὶ
200 1394 380 1495 πετραίων
404 1392 512 1494 τήνδ’
539 1397 741 1499 ἒςήλθομεν
767 1401 912 1505 στέγην,

98 1524 281 1598 άνέκαοσε
305 1520 377 1618 μὲν
402 1530 477 1622 πῦρ
503 1532 674 1622 πρῶτον,
700 1526 843 1624 ὑψηλῆς
866 1526 981 1627 δρυὸς

99 1644 262 1746 κορμοὺς
286 1645 458 1730 πλατείας
483 1645 642 1748 ἐσχάρας
665 1649 796 1747 βαλών
827 1654 897 1740 ἔπι,

98 1777 260 1869 τρισσῶν
286 1770 444 1868 ἁμαξῶν
469 1771 520 1856 ὡς
546 1773 740 1877 ἀγώγιμον
761 1771 889 1872 βάρος.

97 1899 219 1972 ἔπειτα
243 1891 398 1995 φύλλων
422 1896 600 1975 ἐλατίνων
620 1910 833 1998 χαμαιπετῆ

98 2022 225 2114 ἴνησεν
249 2021 363 2116 εὐνήν
387 2023 541 2118 πλησίον
564 2025 682 2124 πυρὸς
707 2025 836 2129 φλογί,

98 2142 250 2244 ὀβελούς
274 2146 325 2235 τ’,
352 2147 492 2244 ἄκρους
515 2147 587 2246 μὲν
610 2150 902 2252 ε’γκεκαομίνοος
925 2150 1028 2248 πυρί,

95 2269 244 2356 ξεστοὺς
268 2267 308 2345 δὲ
336 2269 510 2374 δρεπάνῳ
535 2275 672 2363 τάλλα,
708 2273 913 2376 παλιούρου
939 2273 1101 2350 κλάδων.

94 2435 372 2449 m

178 2511 250 2575 384.
293 2513 392 2574 Libri:
417 2510 535 2589 δισσούς
548 2511 579 2598 γ’
599 2511 735 2598 ἀθρήσας
753 2511 967 2598 κίεπιβαστάσας
981 2521 1083 2598 χερσίν.
1127 2512 1203 2573 Cau·

94 2607 174 2656 terus
196 2591 353 2677 ἀθροίσας,
380 2600 426 2658 cui
448 2600 617 2678 obloquutus
638 2612 682 2660 cst
702 2600 868 2661 Barnesius.
912 2600 953 2660 At
974 2602 1058 2661 etiam
1081 2597 1203 2677 Stepha-

94 2699 147 2740 nus
171 2680 210 2738 ita
231 2681 364 2752 coniecit.
408 2681 546 2742 Bauresio
562 2703 693 2744 assensus
710 2697 755 2744 est
768 2683 920 2745 Elmsleins
936 2684 972 2743 ad
991 2682 1109 2743 Heracl.
1128 2681 1200 2744 ³41.

93 2763 162 2823 Non
192 2765 280 2824 miror
310 2763 382 2824 itlem
412 2767 548 2826 facientes
569 2766 737 2827 Piersonum
765 2779 796 2829 et
817 2769 1058 2839 Valckenarium‚
1083 2783 1201 2845 quorum

94 2859 212 2925 uterque
234 2849 263 2907 iu
291 2846 411 2908 ‹liatrihe
432 2849 467 2909 de
488 2851 589 2929 fragm.
612 2851 714 2932 Eurip.
743 2875 772 2934 p.
795 2855 863 2916 172.
896 2847 1013 2924 δισσοὺς
1032 2842 1202 2928 σταθμήσας

94 2930 181 2988 scribi
201 2931 301 2990 voluit.
347 2933 412 2992 Hoc
435 2953 501 2992 vero
523 2935 640 3008 mirum,
672 2957 756 3016 quum
779 2936 808 2996 id
830 2939 920 3015 ipsum
942 2936 1083 3014 significet
1103 2932 1201 3010 ἐπιβα-

95 3009 210 3089 στάσας,
233 3012 268 3072 de
290 3035 345 3093 quo
368 3028 481 3095 praeter
501 3017 722 3078 Valckenarius]
745 3023 800 3080 isto
822 3021 885 3079 loco
906 3017 1044 3078 videndus
1060 3017 1200 3076 liusterus

96 3094 131 3153 at
159 3095 308 3176 Aristoph.
346 3099 462 3158 Thcsm.
488 3100 562 3162 444.
614 3096 765 3182 Ἀθρήσας
799 3115 845 3162 est
873 3105 1028 3180 diligenter
1055 3112 1197 3179 spectans.

96 3177 277 3260 Comparavit
295 3181 435 3241 Matthiae
458 3181 591 3242 Electrae
614 3204 711 3244 versus
732 3189 805 3247 827.
829 3187 901 3248 839.

176 3281 249 3344 385.
294 3279 374 3340 Flor.
411 3282 440 3341 l.
476 3290 506 3338 et
536 3280 601 3340 eut.
637 3293 706 3365 vett.
744 3277 979 3363 imosoiuccvovf
1030 3281 1196 3353 Barnesius‚
1224 3289 1265 3320 e«

93 3364 174 3423 Flor.
197 3366 228 3428 2.
252 3359 489 3444 είτρεφέστατον,
520 3363 594 3442 quod
615 3376 767 3426 tenuerunt
788 3368 930 3427 novissimi
949 3364 1083 3425 editores.
1129 3364 1199 3424 Sca-

93 3449 168 3525 liger
195 3442 435 3528 εὖτραφὲστατον,
465 3445 549 3526 idque
571 3446 690 3509 adscivit
710 3451 919 3511 Valckenarius
941 3452 969 3508 in
993 3449 1077 3510 diatr.
1101 3447 1135 3509 de
1158 3451 1195 3508 ir.

92 3529 165 3592 Eur.
181 3553 210 3611 p.
229 3533 299 3594 172.
337 3528 483 3589 Disseruit
504 3529 538 3590 de
555 3534 597 3591 his
612 3533 709 3592 formis
724 3533 884 3594 Lobeokius
899 3533 935 3594 ad
949 3533 1060 3635 ΡΙιτγο.
1078 3555 1107 3613 p.
1123 3535 1196 3596 577.

174 3618 247 3677 387.
265 3699 271 3713 .
290 3614 389 3712 Libri:
428 3612 490 3713 ἐπεὶ
509 3616 647 3695 πετραίων
668 3613 751 3717 τήαδ
778 3614 938 3720 &citiorem
958 3625 1061 3698 χθονα.
1104 3616 1197 3715 Quum

91 3709 394 3862 titulati,
408 3699 538 3861 ilii
561 3713 780 3844 tiel‘ltt
796 3700 1198 3861 llllssllaliitltf

89 3863 133 3922 At
154 3864 241 3921 multo
263 3866 362 3924 melius
384 3876 427 3924 est
441 3864 555 3950 στέγην.
603 3869 716 3928 Usitata
736 3869 874 3928 vocabula
893 3868 977 3927 facilc
997 3868 1025 3925 iu
1047 3863 1197 3925 scribendo

90 3954 299 4004 commutantur
319 3949 470 4008 memoriae
492 3969 601 4010 errore.

176 4043 249 4105 392.
293 4043 443 4105 Librorum
482 4049 649 4127 scripturam
687 4047 804 4128 ἔστησεν
842 4048 997 4106 Piersonus
1033 4048 1061 4104 in
1096 4045 1194 4106 Veris.

90 4153 121 4210 p.
141 4127 213 4190 145.
237 4125 265 4183 iu
287 4125 437 4207 ἔστρωσεν,
460 4130 550 4189 lenius
571 4129 706 4190 Reiskius
726 4132 754 4188 in
776 4131 876 4211 ίνησεν
897 4128 1056 4189 mutandum
1073 4128 1194 4199 censuit,

91 4232 173 4292 quem
196 4209 307 4288 sequuti
329 4221 393 4267 sunt
413 4213 596 4271 recentiores.

173 4311 248 4374 393.
290 4309 347 4368 Ηίο
375 4311 456 4387 posui
484 4311 558 4369 hunc
588 4322 618 4370 et
644 4324 805 4390 sequentem
835 4333 963 4385 versum,
994 4313 1042 4392 qui
1065 4313 1093 4371 in
1115 4310 1195 4370 libris

92 4407 155 4474 post
177 4395 271 4466 illum,
295 4392 345 4454 nul
365 4388 483 4472 χάλκεον
505 4390 601 4474 λέβητ’
625 4393 753 4469 ἐπέζεσεν
771 4397 843 4479 πυρί
849 4444 858 4472 ,
882 4398 930 4476 qui
950 4407 995 4456 est
1013 4397 1087 4459 399.
1110 4395 1195 4475 positi

92 4490 174 4552 sunt,
198 4479 309 4538 turbato
331 4496 425 4537 rerum
448 4476 558 4538 ordine.

174 4576 246 4641 394.
290 4576 359 4638 ΑΙά.
383 4577 474 4638 llerv.
498 4579 528 4643 l·
552 4577 632 4640 Flor.
652 4579 684 4643 2.
708 4579 787 4641 Vict.
811 4575 926 4656 ξεστοὺς
949 4578 981 4644 δὲ
1000 4573 1133 4666 δρεπάνῳ
1152 4574 1199 4662 γ’,.
