2994 5128
846 318 898 392 60

235 512 478 618 525dech
505 517 541 591 (λ’
572 516 640 614 ἐμὴ
665 515 831 606 θανοῦσ’
863 517 1018 615 ἔπραξεν
1042 515 1188 592 ἔνδικα·

209 679 211 684 ·
305 641 384 716 ἀλλ’
415 643 499 739 οὐχὶ
523 641 615 742 πρὸς
638 641 744 718 τοῦδ’
775 640 870 727 eludo
893 637 942 738 ήν
967 640 1085 738 αὐτὴν
1111 645 1261 720 θανεῖν.

304 768 377 870 e'yoi
404 767 444 844 dd
470 771 585 846 τᾶλλα
610 763 791 868 μακάριος
815 768 950 868 πέφυκ’
980 764 1089 867 ἀνήρ,

304 893 399 994 πλὴν
424 901 474 980 εἰς
499 896 727 1000 θυγατέρας·
753 904 864 972 τοῦτο
890 894 927 970 d'
959 894 1027 972 ούκ
1049 894 1278 984 εὐδαιμονῶ.

752 1094 797 1162 Χ
805 1092 837 1165 Ο
847 1095 881 1164 P
891 1092 978 1165 ΟΣ.

306 1265 465 1362 ζηλωτὸς
489 1263 594 1349 ὅπερ
607 1259 806 1361 εὐτύχησεν
830 1269 881 1350 εἰς
905 1265 1028 1354 τέκνα,

235 1391 371 1475 53θκαὶ
393 1391 446 1489 μή
463 1387 662 1489 ’πισήμους
687 1371 881 1492 ξυμφορὰς
908 1387 1094 1489 ἐκτήσατο.

717 1549 1020 1661 σΡπΣΤιιΣζ

306 1757 338 1836 ὦ
362 1761 486 1864 γέρον,
511 1758 585 1863 ἐγώ
609 1789 668 1838 τοι
692 1759 783 1861 πρὸς
808 1761 849 1838 σὲ
875 1759 1211 1863 ιλιιμαίναιλέγιιν,

306 1887 400 1964 ὅπου
425 1918 466 1991 ys
491 1888 610 1986 μέλλω
636 1884 707 1985 σήν
731 1916 767 1962 τι
780 1885 967 1986 Ιλυπήσειν
992 1886 1122 1988 φρένα.

306 2013 440 2118 ἐγῷδ’·
468 2009 618 2098 ἀνόσιός
642 2017 729 2112 εἰμι,
753 2014 894 2113 μητέρα
918 2009 1081 2105 κτανών,

311 2247 594 2260 Μ

312 2412 317 2422 ·
393 2368 465 2432 525.
488 2374 618 2432 Omittuut
637 2367 670 2432 d'
693 2373 767 2434 Flos.
789 2373 819 2434 6.
840 2373 870 2434 9.
894 2373 945 2434 17.
967 2370 1017 2434 18.
1040 2372 1089 2432 31.
1112 2372 1197 2432 Mose.
1219 2371 1246 2430 d.
1268 2371 1343 2449 Aug.
1362 2370 1382 2424 h.
1401 2383 1417 2420 c·

390 2455 462 2524 528.
483 2459 519 2518 L.
540 2449 618 2536 πλήν
639 2451 682 2537 y'.

392 2539 464 2602 529.
485 2544 573 2622 Vulgo
593 2534 771 2621 ηύτύχησεν.
807 2542 930 2619 Plerique
951 2541 1026 2602 codd.
1048 2533 1217 2618 εὐτύχησεν.
1239 2541 1312 2600 Ven.
1335 2559 1360 2596 a.
1379 2526 1417 2592 ed-

307 2620 445 2706 τύχηκεν,
466 2632 554 2686 nescio
576 2648 610 2686 an
630 2637 709 2688 recte.
751 2627 829 2704 Apud
851 2628 989 2688 Stohaeum
1012 2626 1128 2686 LXXV.
1151 2625 1201 2686 10.
1232 2626 1365 2703 Diogenis
1384 2639 1417 2678 no·

307 2716 377 2817 minp
397 2713 526 2817 adspnipto
546 2714 655 2791 legitur:
689 2705 835 2814 ζηλιρτής,
869 2705 948 2784 ὅςτις
974 2703 1138 2790 εὐτύχησεν
1164 2707 1196 2772 ἒν
1216 2706 1350 2782 τέκνοις,
1378 2697 1417 2763 κύ

306 2819 350 2876 μη
381 2796 887 2960 Ἧὲήμολςιιέύμῖλήιριιίύςσῖὂήιῖλλίύ
907 2873 964 2956 σήν
984 2900 1016 2939 τε
1032 2872 1176 2960 λυπήσειν
1196 2874 1308 2960 φρένα.
1330 2879 1366 2936 Η.
1386 2871 1417 2930 Μ·

306 2968 341 3027 R.
362 2958 439 3026 duco
460 2985 502 3044 γε.
544 2969 634 3041 ltaque
647 2966 818 3042 Musgravius
839 2971 908 3022 recte
927 2964 1052 3022 iudicavit
1072 2963 1232 3024 scribendum
1255 2983 1331 3021 ease:
1353 2955 1417 3020 ὅπου

180 3113 185 3118 ,
307 3071 339 3131 γε
365 3045 468 3126 μύλλοι
495 3041 553 3126 σήν
578 3069 607 3108 τι
635 3044 779 3126 λυπήσειν
805 3045 914 3131 φρένα.
957 3050 1092 3108 Porsenus
1119 3070 1196 3126 quum
1226 3049 1360 3125 vulgatam
1379 3044 1417 3100 hot

307 3135 451 3213 Sophocleo
473 3139 501 3194 in
522 3133 566 3194 At.
590 3133 809 3194 lutulenti
835 3142 951 3212 putaret:
985 3127 1065 3194 ούτω
1098 3131 1131 3194 δὲ
1162 3132 1213 3193 καλ
1245 3129 1279 3192 σὲ
1314 3129 1363 3192 καλ
1389 3117 1415 3184 τὸ

225 3218 228 3223 ’
307 3216 362 3282 σὸν
389 3213 506 3300 λάβρον
531 3212 633 3297 στόμα
660 3221 791 3299 σμικροῦ
823 3215 934 3301 νέφους
960 3212 1032 3296 τάχ’
1063 3211 1101 3278 ἄν
1121 3239 1168 3290 τις
1188 3208 1356 3288 ἐκπνεύσας
1374 3202 1416 3289 μή·

307 3325 364 3386 νας
381 3300 497 3384 χειμὼν
517 3302 713 3381 κατασβέσαι
733 3297 790 3381 τήν
810 3301 926 3381 πολλὴν
946 3296 1040 3381 βοήν,
1068 3325 1119 3362 σοι
1140 3306 1268 3380 reputavit
1293 3299 1363 3378 hanc
1385 3300 1416 3354 in

308 3397 429 3449 commoti
450 3394 592 3448 orationem
615 3409 683 3448 esse.
725 3388 794 3448 Vide
815 3409 879 3466 quae
907 3389 962 3448 dixi
990 3392 1018 3446 in
1039 3388 1221 3446 dissertatione
1242 3387 1273 3444 de
1294 3387 1380 3461 ellipsi
1396 3385 1416 3435 tl

306 3475 456 3551 pleonasmo
478 3495 504 3551 p.
527 3469 598 3532 205.
621 3476 725 3531 sivein
748 3472 844 3548 Opusc.
866 3475 917 3532 vol.
939 3474 962 3531 l.
982 3492 1008 3548 p.
1031 3471 1103 3531 224.
1145 3472 1187 3530 Ea
1213 3477 1240 3530 in
1269 3479 1355 3530 mente
1382 3465 1414 3522 ht

306 3561 370 3616 bens
392 3556 557 3626 Schaelerus,
579 3577 631 3614 non
652 3557 733 3614 lihero
755 3575 773 3611 a
793 3555 932 3632 cupiditate
953 3561 1042 3614 animo
1064 3561 1199 3633 aptissime
1220 3554 1370 3614 aPorsouo
1389 3550 1414 3605 ci·

307 3651 362 3701 tata
384 3661 443 3700 esse
456 3639 593 3717 Sophoclis
612 3642 692 3700 verba
713 3639 787 3708 dixit,
809 3634 906 3718 φρένα
927 3639 1043 3700 hicnon
1063 3642 1215 3717 simpliciter
1235 3627 1413 3708 animandi

306 3737 397 3807 pectus
419 3733 574 3783 commotum
597 3732 622 3782 et
642 3726 681 3781 ira
702 3730 805 3781 tumens
825 3728 1005 3801 interpretans,
1026 3735 1101 3802 atque
1123 3724 1187 3796 adeo
1209 3733 1235 3782 et
1255 3745 1284 3784 τι
1305 3729 1334 3782 in
1352 3719 1414 3780 Mus·

229 3801 237 3808 ’
307 3816 392 3892 gravii
412 3807 590 3867 emendatione
611 3813 705 3866 misere
725 3808 862 3886 languere,
890 3830 938 3868 nec
962 3829 996 3888 pe
1018 3809 1146 3868 hocloco
1167 3817 1255 3887 aptum
1276 3809 1357 3866 videri
1376 3804 1413 3860 fin·

307 3914 382 3975 gens.
425 3891 469 3951 Ad
489 3883 633 3968 λυπήσειν
657 3898 685 3950 in
707 3893 795 3952 Mosc.
824 3912 848 3953 a.
873 3894 946 3972 Aug.
972 3893 998 3954 d.
1026 3894 1182 3970 adscriptum
1211 3913 1259 3973 γρ.
1278 3893 1412 3968 λυπῆσαι,

308 3978 377 4056 qood
398 3981 486 4036 nescio
508 3997 541 4034 an
562 3980 594 4034 ah
614 3975 747 4036 Atticistis
767 3981 803 4035 sit
823 3981 851 4036 iu
870 3968 1014 4055 λυπήσειν
1035 3986 1170 4036 mutatum.
1213 3978 1255 4036 De
1276 3979 1365 4036 aorinti
1383 3978 1412 4032 iu·

307 4065 407 4122 linitivo
430 4081 487 4118 cum
508 4056 627 4136 μέλλειν
648 4065 783 4120 coniuncto
805 4065 848 4138 qui
870 4060 993 4133 dixerint,
1014 4067 1167 4122 memoravit
1186 4061 1324 4122 Matthiae.

393 4141 466 4204 1133.
486 4145 588 4224 Vulgo:
610 4140 668 4225 ἐγώ
690 4139 721 4206 d’
745 4137 867 4216 ἀνόσιός
888 4144 959 4220 εἰμι.
1005 4149 1038 4205 ln
1064 4148 1145 4205 altero
1165 4147 1249 4224 Regio
1275 4144 1309 4203 ad
1327 4137 1356 4204 δ’
1378 4156 1412 4198 su·

308 4233 477 4310 perscriptum
498 4227 563 4305 μέν,
585 4251 635 4307 quo
647 4229 803 4289 scholiastae
814 4235 841 4286 in
854 4231 1013 4306 explicandis
1029 4231 1071 4290 his
1081 4234 1166 4294 verbis
1176 4238 1292 4290 utuntur.
1311 4228 1410 4305 Auge

310 4310 444 4395 ἐγὼμὲν
465 4306 510 4373 δ’.
539 4317 634 4392 duell.
660 4308 719 4393 lyei
745 4308 777 4371 d’
807 4306 927 4386 ἀνόσιος
954 4311 1011 4389 μέν
1036 4313 1108 4391 εἰμι.
1159 4313 1198 4375 Ut
1218 4314 1321 4372 defendi
1340 4311 1412 4390 possit

309 4395 369 4479 dyo)
389 4394 432 4472 dd,
455 4409 539 4458 tamen
559 4419 648 4476 parum
670 4406 729 4474 apte
748 4401 835 4474 posita
855 4405 896 4456 est
916 4400 1048 4476 particula,
1080 4419 1158 4477 quunn
1180 4403 1347 4475 praecesserit
1365 4377 1413 4470 lyd

309 4502 366 4545 τοι.
409 4483 513 4542 Scilicet
533 4482 597 4542 nihil
619 4488 660 4538 est
680 4481 730 4539 hoc
750 4475 810 4559 1γῶ
829 4475 861 4540 d’
889 4503 965 4559 quam
993 4482 1139 4559 depravatio
1168 4485 1298 4561 genuinae
1319 4483 1411 4553 seriptu-

310 4587 355 4628 ιιι
375 4555 476 4650 1γῷδ’.
497 4568 529 4628 11
544 4573 585 4624 est
599 4569 667 4624 enin
685 4565 857 4636 concedentis.
880 4567 1019 4646 Vulgatam
1041 4571 1124 4626 tuenti
1145 4565 1257 4645 proderit
1268 4563 1340 4626 lded.
1351 4554 1412 4622 526·
