3022 5140
794 315 844 386 28

607 497 693 569 AN
695 495 916 570 ΔΡΟΜΑ
924 497 969 570 Χ
972 498 1024 570 Η.

193 652 256 719 240
265 645 334 722 οὐκ
360 645 409 724 αὖ
436 654 556 744 σιωπῇ
580 643 771 746 Κύπριδος
796 645 963 750 ἀλγήσεις
991 647 1091 749 πίοις

665 853 798 923 ΕΡΜ
808 855 830 921 Ι
839 852 872 925 O
881 853 978 925 NH.
1044 914 1047 920 Α

262 1000 299 1074 τί
325 1000 349 1076 0
353 1001 387 1093 ’;
414 1002 459 1078 ού
485 1001 632 1105 γυναιξὶ
661 1009 781 1078 ταῦτα
806 1010 936 1101 πρῶτα
962 1009 1154 1099 πανταχοῦ
1160 1033 1177 1094 ,·

609 1208 647 1276 A
656 1207 731 1278 NA
740 1207 876 1280 POM
878 1208 915 1278 A
921 1209 966 1278 X
973 1209 1021 1279 Η.

262 1363 384 1438 καλῶς
406 1384 447 1457 ys
469 1355 743 1456 χρωμέναισιν·
771 1363 801 1432 εἰ
824 1356 867 1432 δὲ
891 1354 964 1455 μή,
992 1357 1038 1432 οὐ
1063 1359 1170 1432 καλοί.

659 1563 692 1632 E
703 1564 795 1635 PM
803 1566 827 1632 I
836 1562 868 1635 0
877 1563 973 1633 ΝΗ.

262 1710 307 1786 ού
331 1708 543 1813 βαρβάρων
563 1708 736 1809 νόμοισιν
761 1715 937 1809 οἰκοῦμεν
964 1711 1082 1788 πόλιν.

609 1914 1019 1988 ΑΝΔΡΟΜΑΧΗ.

259 2067 368 2141 κάκεῖ
391 2061 438 2140 τοί
464 2064 503 2166 γ’
532 2066 668 2167 αἰσχροὶ
695 2061 865 2142 κάνθάδ’
893 2061 1076 2162 αἰσχύνην
1100 2067 1183 2162 ἔχει.

657 2272 691 2340 E
698 2273 794 2342 PM
801 2274 825 2340 I
835 2269 868 2342 Ο
880 2271 972 2343 NH.

189 2420 376 2522 2450οφἡ,
404 2419 502 2519 σοφὴ
529 2416 593 2497 σύ·
619 2425 827 2498 κατθανεῖν
853 2421 892 2498 δ’
918 2423 1021 2520 ὅμως
1046 2442 1086 2496 σε
1108 2418 1174 2495 δεῖ.
1234 2401 1236 2409 ’

605 2624 1025 2699 ΑΝΔΡΟΜΑΧΗ.

258 2775 350 2875 ὁρᾷς
370 2773 522 2878 ἄγαλμα
551 2773 700 2858 Θέτιδος
721 2779 772 2858 ι’ίς
792 2775 828 2849 o'
855 2775 1085 2873 ἀποβλέπον;

258 3040 371 3122 quidem
401 3042 485 3101 etium
508 3036 545 3103 σὺ
568 3038 598 3104 δ’
627 3038 663 3104 ού
685 3041 776 3126 λέγεις
798 3041 851 3122 μὲν
871 3043 929 3104 diei
949 3045 1050 3124 potuit.
1104 3043 1145 3102 At
1169 3039 1201 3124 γὲ
1221 3055 1265 3102 est
1286 3045 1369 3102 adeo.

257 3124 397 3204 Exempla
419 3123 556 3204 quaedam
577 3126 642 3186 vide
663 3124 737 3207 apud
758 3126 926 3186 Elmsleium
948 3128 983 3187 ud
1003 3126 1085 3187 Med.
1104 3127 1177 3191 800.

339 3223 413 3290 240.
457 3224 526 3285 Per.
549 3223 589 3284 A.
613 3226 694 3286 Flor.
711 3225 752 3286 A.
771 3221 827 3289 ούιι
841 3217 890 3289 αὖ.
928 3227 1012 3288 Lasc.
1035 3225 1105 3286 Aid.
1129 3236 1160 3285 et
1178 3225 1285 3284 caeteri
1306 3219 1371 3281 libri

257 3303 313 3370 οὐκ
328 3302 373 3370 ἂν.
408 3307 478 3368 Par.
496 3309 534 3368 B.
552 3309 632 3369 Flos.
653 3313 703 3374 15.
722 3305 858 3396 ἀλγήσας.
888 3311 983 3371 Ηονο.
1003 3305 1146 3392 ἆλγήσοις.
1176 3307 1222 3366 De
1240 3308 1294 3365 istu
1316 3301 1372 3368 οὖν

257 3379 297 3452 αὖ
318 3392 362 3450 vel
390 3386 455 3453 οὐδ’
485 3381 525 3453 αὖ
553 3393 583 3450 in
605 3393 807 3473 interrogando
829 3394 962 3454 dixerunt
981 3392 1021 3452 A.
1049 3393 1086 3452 G.
1112 3391 1371 3452 Winekelmaunus

257 3471 293 3532 ud
317 3473 394 3533 Pras.
420 3471 594 3553 Euthydem.
619 3496 649 3555 p.
670 3478 742 3541 103.
769 3488 799 3536 et
821 3479 876 3536 Th.
903 3477 1046 3555 Bergkius
1070 3475 1106 3536 ad
1126 3473 1235 3534 Aruer.
1263 3474 1299 3532 fr.
1316 3474 1391 3545 55„

257 3577 287 3635 p.
307 3554 379 3618 174.
419 3555 538 3615 Scilicet
559 3552 614 3620 αιἰιι
635 3548 674 3620 οιύ
698 3555 735 3620 σύ
756 3555 862 3622 παύσει
881 3572 911 3619 et
932 3561 1036 3620 similia
1056 3570 1208 3639 propterea
1224 3555 1367 3626 dicuntur,
1424 3601 1426 3606 .

257 3637 334 3718 quod
354 3640 384 3698 iu
405 3651 499 3699 mente
520 3651 565 3698 est
585 3661 700 3702 rursum
722 3653 754 3702 tu
775 3645 829 3702 hoe
841 3642 936 3724 [σοῖο.

339 3736 413 3804 241.
458 3738 527 3797 Pur.
550 3735 590 3796 A.
614 3737 652 3799 E.
676 3740 757 3799 Flor.
780 3740 820 3799 A.
843 3742 945 3806 ulo.
965 3743 1017 3806 15.
1043 3741 1129 3800 Lase.
1150 3742 1251 3818 πρῶτα
1270 3741 1370 3798 ταῦτα.

255 3819 326 3881 ΑΜ.
352 3822 416 3882 rell.
439 3833 470 3880 et
490 3823 597 3881 caeteri
621 3823 686 3881 libri
710 3827 800 3884 ταῦτα
822 3829 930 3907 πρῶτα.
971 3824 1049 3885 Dein
1067 3825 1156 3883 Tuur.
1176 3821 1273 3880 Guels.
1298 3818 1366 3878 Atd.

256 3907 321 3966 rell.
345 3910 484 3985 πανταχῆ.
514 3903 630 3964 (laeteri
651 3917 681 3965 et
701 3907 787 3968 Luse.
811 3913 966 3989 πανταχοῦ.

338 4003 412 4068 242.
456 4003 526 4064 Pur.
554 4002 594 4063 A.
626 4005 664 4066 Β.
692 4007 789 4066 Havn.
813 4018 872 4067 tres
898 4009 978 4068 Flor.
1002 4007 1060 4070 ναί.
1096 4010 1192 4078 καλῶς
1211 4027 1244 4086 γε
1266 4000 1370 4084 χρωμέ-

255 4104 369 4162 ναισιν,
393 4086 469 4168 quod
497 4087 638 4149 Matthiae
668 4091 773 4170 aliique
795 4102 974 4171 receperunt.
1017 4091 1113 4149 Nimis
1135 4091 1231 4169 inepto
1253 4087 1316 4145 Ιοοο
1338 4103 1370 4144 se

256 4189 367 4230 osorem
390 4173 538 4232 mulierum
567 4173 745 4252 praebuisset
765 4173 933 4255 Euripides,
965 4174 990 4231 si
1011 4172 1040 4231 id
1062 4173 1233 4251 scripsisset.
1277 4169 1370 4227 Recte

255 4251 342 4312 Luse.
373 4251 442 4314 Ald.
466 4257 531 4314 rell.
564 4277 618 4315 nou
642 4257 748 4318 hubent
767 4258 842 4318 istud
870 4256 935 4332 ναί,
966 4255 1042 4334 quod
1063 4256 1226 4334 interpretis
1247 4264 1305 4322 est,
1338 4263 1370 4309 ut

255 4355 282 4392 r.
302 4337 375 4397 578.
400 4348 429 4395 et
450 4357 501 4416 pro
517 4359 552 4398 eo
568 4342 689 4418 positum
711 4340 761 4402 καὶ
781 4363 809 4400 r.
828 4341 900 4403 500.
940 4339 1053 4398 Deinde
1070 4338 1138 4398 Par.
1157 4335 1196 4395 A.
1215 4334 1283 4395 Au.
1302 4334 1365 4393 rell.

256 4416 283 4478 εἰ
303 4415 335 4480 δὲ
356 4414 414 4497 μή,
436 4417 472 4482 ού
494 4417 574 4484 καλά.
618 4423 703 4482 Lase.
728 4435 757 4482 et
779 4425 885 4482 caeteri
908 4421 991 4482 codd.
1017 4422 1043 4486 εἰ
1064 4420 1095 4485 δὲ
1116 4416 1165 4500 μή,
1187 4415 1223 4482 ού
1246 4421 1348 4491 καλῶς.

336 4514 410 4579 240.
457 4517 525 4578 Pur.
551 4519 588 4578 A.
614 4521 655 4593 εἴς
677 4519 706 4582 σ’
732 4518 891 4599 septenos.
