2994 5128
673 288 715 336 lx

131 450 203 526 ntia
227 447 499 546 comprehensam
525 470 562 519 se
588 447 759 522 oeeisnros
785 447 1017 543 ostenderent,
1042 450 1144 546 longe
1169 449 1255 524 daei·-¹

132 578 198 650 lino
223 583 320 648 erant
344 574 380 648 iu
406 597 467 648 sna
491 580 657 670 potestate
681 574 839 648 habituri.
891 571 1019 648 Verum
1044 576 1160 650 maleit
1179 574 1256 650 En·
1366 570 1368 574 ’

132 702 258 800 ripides
284 674 364 773 illos
390 700 498 774 minus
523 699 703 798 prudenter
728 724 850 798 agere,
892 725 990 798 quam
1015 702 1167 776 arnittere
1194 727 1255 776 ec-

135 829 300 904 eesiouem
326 851 390 924 que
416 825 580 901 theatrum
606 834 641 900 et
665 827 825 900 miraeule
852 836 967 926 raptae
987 828 1023 902 iu
1040 829 1165 902 eaelum
1180 826 1255 900 He·

133 957 230 1030 lenae
257 960 292 1028 et
315 953 452 1027 insolite
479 953 636 1050 adspectu
662 953 859 1052 trepidantis
891 978 972 1052 prae
997 979 1121 1052 pavore
1146 953 1256 1052 Phry·
1332 987 1334 992 ·
1390 979 1395 985 ·

137 1080 190 1176 gis
224 1079 366 1154 eunnehi
401 1079 596 1154 obleetaret.
655 1079 775 1176 Itaque
810 1081 938 1177 precati
971 1104 1083 1154 manes
1108 1080 1257 1177 Agame-

136 1205 286 1296 mnonis,
328 1204 500 1280 manifesta
524 1206 709 1280 irritatione
733 1206 913 1304 Aeschyli,
957 1207 1187 1305 dispositoque
1213 1208 1256 1280 ad

136 1331 372 1407 observandum
399 1332 523 1424 choro,
567 1329 709 1406 Orestes
742 1342 776 1406 et
801 1332 945 1428 Pylades
976 1334 1066 1408 intus
1091 1334 1257 1408 Helenam
1294 1401 1296 1406 .

134 1459 386 1557 aggrediuntur,
412 1457 552 1530 Eleetra
577 1465 685 1530 antem
711 1466 787 1538 arte¹
819 1458 910 1532 lones
940 1459 1095 1534 redneem
1128 1485 1148 1532 a
1175 1458 1257 1556 Cly-

135 1590 354 1658 taemnestrae
391 1583 518 1654 tumulo
542 1581 756 1655 Hermionam
793 1583 948 1655 simulata
981 1585 1131 1660 eratione
1159 1587 1257 1658 exei-

135 1708 199 1806 pit,
226 1733 323 1804 qnam
347 1707 555 1780 introituram
582 1706 725 1781 Orestes
751 1716 785 1782 et
805 1707 950 1804 Pylades
977 1710 1259 1806 comprehendunt

136 1843 235 1931 atque
259 1835 348 1907 intro
374 1834 519 1930 rapiunt,
545 1842 704 1931 sequente
729 1860 787 1909 eos
801 1833 953 1910 Eleous.
1005 1834 1096 1908 Tum
1122 1836 1258 1932 elapsus

137 1986 181 2033 ax
212 1961 348 2034 aedihus
384 1959 500 2056 Phryx
535 1961 723 2035 ineredihili
755 1961 929 2035 formidine
972 1962 1139 2059 palpitans
1173 1985 1258 2058 quaa

135 2088 225 2161 intus
258 2095 333 2162 aeta
364 2087 444 2162 sint·
464 2086 568 2162 ohere
594 2088 745 2185 exponit.
795 2087 884 2162 Eum
910 2089 1074 2162 hominem
1100 2112 1258 2186 egressus

34 2218 38 2227 '
137 2238 181 2287 ex
207 2213 343 2288 aedibus
371 2212 512 2290 Orestes
538 2222 711 2312 postquam
735 2213 881 2288 ludihrio
910 2215 1056 2290 habitum
1080 2216 1170 2290 intre
1196 2240 1260 2313 pe-

138 2341 243 2437 pulit,
279 2341 353 2437 ipse
386 2364 460 2414 enrrr
485 2339 613 2436 Pylade
648 2342 797 2416 accensis
823 2340 950 2414 laoihns
975 2343 1011 2414 iri
1037 2351 1127 2418 teoto
1153 2367 1260 2441 appa·

137 2475 202 2560 ret,
228 2467 351 2540 ferrum
376 2468 493 2568 iugulo
518 2467 720 2540 Hermionae
744 2468 924 2560 inteutaus,
958 2494 1055 2565 quum
1082 2468 1259 2544 Menelaus

138 2593 271 2669 advenit
298 2619 419 2692 eorpus
451 2594 602 2668 Helenae
634 2617 828 2691 reposeens.
889 2594 936 2668 Ei
969 2593 1112 2688 Orestes
1142 2619 1257 2670 uocem

137 2721 339 2796 Hermionae
366 2722 526 2813 minatur,
567 2720 603 2792 ei
628 2721 770 2832 adducat
793 2721 940 2818 Argivos
966 2730 1003 2796 ut
1028 2747 1066 2796 sa
1091 2744 1260 2796 sororem-

139 2873 202 2946 que
228 2873 320 2923 suam
346 2849 457 2923 vivere
483 2849 605 2923 sinaut.
657 2849 854 2924 Haesitante
880 2857 990 2922 autem
1014 2850 1075 2922 illo
1104 2848 1181 2946 qnid
1207 2847 1262 2920 la·

139 2984 249 3067 aeret,
292 2973 463 3048 Electram
506 2983 539 3048 et
573 2974 733 3071 Pyladem
773 2977 867 3050 iuhet
902 2976 1032 3050 domum
1067 2974 1259 3066 incendere,

137 3100 211 3196 ipse
243 3100 459 3173 Hermionam
498 3085 745 3175 interleotares.
810 3102 988 3206 Menelaus
1031 3104 1175 3176 elamore
1205 3092 1260 3174 *ad

140 3249 236 3322 opem
261 3224 428 3298 ferendam
455 3224 581 3298 excitat
596 3225 758 3322 Argivos.
798 3225 853 3298 Ihi
872 3251 949 3300 vero
966 3236 1105 3326 apparet
1118 3227 1260 3324 Apollo,

139 3351 303 3428 Helenam
335 3351 424 3424 iuter
457 3351 538 3426 deos
571 3353 711 3426 relatum
743 3353 807 3447 iri,
851 3350 1009 3426 Orestem
1041 3361 1149 3428 autem
1181 3360 1259 3450 pest

140 3503 282 3552 ausnmn
307 3478 394 3576 apud
418 3477 568 3552 Arcades
594 3481 748 3554 exsilium
772 3479 915 3554 Athenis
939 3480 1112 3578 Areopagi
1135 3481 1261 3554 iudicio

141 3607 326 3680 ahsolutum
359 3606 403 3678 iri
428 3607 604 3700 nuntians,
640 3633 843 3707 uxoremque
876 3609 997 3683 ducere
1029 3607 1260 3700 Hermionam,

140 3731 287 3829 Pyladae
313 3758 391 3807 vero
418 3759 571 3808 sororem
595 3736 631 3808 iu
655 3736 898 3812 matrimonium
913 3736 993 3809 dara
1009 3736 1139 3808 inhans.
1174 3734 1262 3827 Qui·

1 3887 2 3912 ³
140 3859 202 3932 hno
228 3858 283 3935 dei
309 3859 409 3934 dietis
433 3886 500 3958 pax
526 3870 561 3934 et
585 3862 764 3936 eoncordia
789 3863 840 3934 lit.

1 3977 2 4006 ἱ
242 3986 339 4058 Haeo
370 3987 544 4084 repentina
576 3995 683 4062 status
718 3988 929 4063 commutatio
964 4014 1060 4085 quam
1091 3988 1173 4062 rude
1206 3989 1261 4062 in·

142 4120 273 4188 rentum
299 4113 344 4187 sit
367 4113 402 4184 iu
429 4122 584 4211 promptu
609 4121 673 4188 est.
724 4114 940 4188 Manifestum
965 4123 1018 4189 est
1044 4116 1142 4207 euim,
1178 4141 1263 4214 poe-

142 4248 221 4331 tam,
249 4247 422 4336 postquam
448 4263 518 4312 reru
542 4240 591 4314 ita
615 4241 799 4340 implicavit
831 4249 868 4315 nt
899 4242 935 4314 in
967 4265 1004 4314 sa
1037 4241 1111 4338 ipsa
1137 4242 1261 4314 nullam

142 4367 310 4442 contiueat
342 4391 427 4464 quae
460 4392 534 4442 eurr
569 4369 696 4466 vulgari
730 4369 816 4445 lama
848 4376 1047 4467 eengruerat
1078 4367 1158 4442 nodi
1190 4369 1263 4442 sel·

141 4493 240 4568 randi
266 4497 425 4570 rationem
433 4547 446 4590 ,
483 4496 524 4570 ad
558 4495 654 4570 deum
690 4521 733 4570 ex
771 4498 921 4572 maehina
956 4496 1165 4596 eonlng'isoo,
1205 4497 1262 4592 qni
