3026 5134
657 324 735 372 xvh!

128 495 300 589 sorpinam
327 493 452 566 auxilio
479 495 599 570 mittat.
633 497 728 571 llaec
755 499 914 572 nemiuem
942 501 1164 598 defensurum,
1191 532 1252 580 ne·

128 620 211 690 (lum
236 618 443 692 laudaturum
470 622 626 696 arbitror.
691 686 695 693 .

159 839 162 843 .
234 743 370 818 Dictum
403 753 455 818 cst
485 771 607 845 supra,
641 750 697 846 qui
732 750 808 823 finis
841 750 991 826 debuerit
1023 753 1153 830 lahelae
1187 781 1248 853 pro

125 871 304 943 elementis
337 895 431 963 esse,
463 896 550 968 quae
582 875 616 946 in
643 875 785 972 prologo
811 877 922 974 posita
947 886 1053 951 erant.
1105 880 1248 956 Prodire

124 995 271 1068 dehehet
296 998 442 1090 nuntius,
469 999 525 1095 qui
550 1001 719 1097 repulsum
744 1001 784 1073 ah
810 1003 892 1074 urhe
917 1003 1059 1096 hostem,
1082 1016 1248 1082 mortuos·
1334 1019 1336 1026 ⁴

124 1145 194 1218 que
227 1129 339 1194 mutue
365 1123 465 1196 oeede
490 1124 611 1199 fratres
636 1134 800 1202 narraret.
873 1127 961 1202 Tum
989 1132 1081 1226 sequi
1110 1135 1246 1228 oporte·

123 1248 186 1320 hat
210 1249 354 1320 lementa
387 1247 561 1342 locastae,
601 1253 813 1348 Antigonae,
856 1254 1023 1351 excitique
1066 1281 1109 1328 ex
1149 1257 1244 1332 domo
1321 1334 1323 1337 ,
1363 1343 1364 1348 ¹

121 1374 235 1470 ipsius
261 1372 405 1471 Oedipi:
432 1401 595 1472 quumque
616 1387 719 1451 morte
738 1403 850 1475 regum
877 1404 1001 1452 semma
1026 1390 1176 1478 potestas
1204 1383 1246 1456 ad

49 1591 53 1595 .
121 1497 306 1572 Creontem
332 1502 551 1596 pervenisset,
585 1503 672 1575 huuc
688 1503 826 1576 decehat
842 1505 945 1577 luctui
961 1505 1057 1578 finem
1075 1508 1245 1604 imponere

120 1651 182 1717 eo,
209 1634 246 1698 ut
269 1651 359 1716 sese,
379 1627 456 1722 quid
475 1627 564 1699 eirea
590 1629 792 1726 sepulturam
818 1637 1020 1704 mortuorum
1039 1631 1161 1705 iustum
1189 1658 1246 1708 cs-

119 1759 194 1846 set,
228 1759 416 1826 curaturum
449 1777 523 1826 esse
557 1753 772 1850 signiticaret.
808 1751 888 1826 *Sic
921 1762 1012 1827 recte
1037 1755 1131 1830 linita
1156 1767 1246 1832 esset

19 1929 20 1932 =
119 1877 312 1976 tragoedia,
338 1879 600 1976 necquidquam
627 1879 882 1954 desideraretur.

226 2007 274 2077 At
300 2030 363 2077 non
391 2004 472 2078 lecit
504 2006 569 2080 hoe
593 2005 786 2102 Euripides.
840 2003 979 2080 Credam
1007 2031 1070 2105 ego
1098 2008 1243 2104 quidem,

118 2140 159 2204 ut
194 2155 294 2228 supra
328 2131 488 2222 dicebam,
526 2155 566 2204 eo
599 2143 746 2229 tempore
773 2153 838 2228 quo
864 2132 1069 2206 Phoenissae
1096 2135 1241 2232 scriptae

117 2265 201 2330 sunt
226 2257 381 2330 adsuetos
407 2256 509 2328 luisse
534 2257 757 2330 Athenienses
774 2258 1047 2354 implicatioribus
1068 2282 1241 2356 argumen-

116 2385 181 2476 tis,
217 2407 346 2480 quoque
379 2383 566 2455 intricatior
598 2390 820 2456 essctrerum
847 2385 989 2479 quaein
1017 2408 1115 2458 scena
1141 2409 1241 2481 gere-
1281 2363 1284 2370 .

116 2518 238 2582 rentur
278 2509 495 2606 compositio,
531 2530 659 2605 quoque
695 2510 792 2604 plura
827 2532 941 2580 eorum
974 2533 1057 2606 quae
1091 2510 1173 2582 alias
1204 2511 1240 2582 iu

116 2635 270 2710 eiusdem
306 2636 356 2706 rei
382 2635 580 2708 tractatione
606 2634 770 2734 theatrum
797 2633 936 2707 uidisset
960 2635 1238 2731 constipareutur,

117 2788 163 2836 eo
189 2761 445 2859 ingeniosiorem
471 2786 511 2834 ao
537 2761 759 2834 sollertiorem
787 2760 966 2832 indicatum
992 2784 1067 2834 esse
1092 2770 1238 2857 poetam.

116 2888 311 2962 Concedam
343 2888 439 2960 etiam
473 2896 590 2984 poetas
624 2887 680 2982 qui
712 2885 752 2958 de
788 2885 927 2958 uictoria
953 2887 1041 2959 iuter
1065 2911 1101 2959 se
1128 2891 1239 2959 oe'rta-

116 3022 195 3086 rent
226 3037 326 3110 grave
359 3013 602 3086 incitamentum
637 3012 815 3104 hahuisse,
829 3021 867 3084 ut
891 3013 989 3085 etiam
1015 3037 1136 3110 pravae
1163 3013 1239 3109 opi·

116 3139 247 3212 nationi
276 3138 392 3235 populi
425 3137 550 3233 aliquid
584 3136 784 3233 tribuerent,
824 3138 919 3232 eique
952 3137 1238 3210 accommodarent

117 3288 202 3362 quas
228 3264 376 3338 lacerent
401 3263 548 3334 luhnlas:
581 3259 665 3332 illud
694 3285 770 3332 vero
796 3285 896 3357 nego,
923 3262 988 3334 hoc
1014 3263 1090 3334 honi
1115 3271 1235 3357 poetae
1345 3319 1352 3329 .

117 3414 216 3480 esse3
248 3391 347 3464 immo
380 3389 522 3486 peritum
556 3388 638 3460 artis
675 3410 755 3460 suae
787 3394 919 3483 poetam
946 3411 1029 3483 quae
1060 3409 1235 3484 perperam

116 3516 259 3590 iudicari
301 3515 410 3588 videat
450 3540 516 3586 non
557 3537 672 3620 curare
714 3513 860 3604 dehere,
915 3537 1114 3610 operamque
1155 3515 1234 3584 dere

117 3651 155 3714 ut
181 3642 243 3714 sihi
277 3643 374 3713 etiam
409 3642 578 3740 spernenti
600 3641 763 3712 ¹inscitum
794 3641 911 3736 populi
942 3639 1099 3712 indicium
1125 3641 1234 3734 palma

118 3769 327 3840 decernatur·
377 3766 450 3840 Nec
475 3766 625 3865 prolecto
659 3765 823 3860 estquod
852 3766 925 3859 quis
950 3765 985 3834 id
1011 3789 1047 3836 se
1074 3786 1232 3836 consecu-

118 3904 226 3962 turum
253 3892 418 3988 desperet.
461 3891 545 3966 Nam
573 3871 661 3988 quod
685 3915 797 3962 verum
824 3895 858 3959 et
882 3896 1006 3960 rectum
1034 3896 1085 3958 est
1110 3887 1233 3957 invicta

122 4017 152 4087 vi
176 4016 225 4086 ita
251 4017 339 4110 capit
365 4018 503 4108 animos,
529 4025 567 4088 nt
592 4017 645 4110 vel
671 4015 782 4085 invitis
807 4012 1045 4084 confessionem
1061 4019 1232 4108 praestan·
1275 4052 1277 4060 ,

118 4144 183 4215 tiae
210 4148 419 4236 extorqueat,
454 4141 552 4233 Quod
577 4140 607 4210 si
633 4139 707 4234 quis
732 4145 833 4233 pocta
856 4138 967 4233 potius
993 4137 1081 4233 quod
1106 4137 1231 4232 populo

118 4269 313 4366 placiturum
331 4273 438 4362 putet,
454 4289 549 4363 quem
565 4265 651 4360 qnod
679 4264 760 4335 artis
776 4263 861 4334 ratio
878 4263 1073 4360 praecipiat,
1089 4268 1232 4359 sequen·

117 4396 193 4470 dnm
227 4363 371 4484 duhhiit,
404 4417 468 4466 non
502 4391 639 4488 effugiet
673 4389 771 4487 quin,
799 4389 895 4462 etiam
923 4390 953 4462 si
976 4390 1049 4488 ipsc
1077 4390 1230 4466 excusari
