3028 5136
779 339 833 413 32

258 528 304 604 οὔ
328 556 393 627 μοι
416 528 515 624 μέλει
538 525 581 600 τὸ
606 521 745 601 λοιπόν.
798 523 849 608 ὡς
873 523 913 600 d'
941 526 987 601 οὔ
1010 553 1074 622 μοι
1096 525 1195 624 μέλει

188 658 249 724 325
258 656 439 730 ἄκουσον·
473 651 566 728 ὅταν
591 651 744 727 ἄνωθεν
769 649 917 749 ὄμβρον
940 649 1058 748 ἐκχέῃ,
1110 703 1113 708 -

257 781 298 855 ἐν
320 776 408 875 τῇδε
433 776 548 876 πέτρᾳ
574 775 699 879 στέρν’
726 777 822 871 έχων
843 772 1082 873 σκηνώματα,

245 903 280 1000 ἢ
305 900 450 1002 μόσχον
475 899 591 978 ὀπτὸν
614 903 638 998 ἤ
663 929 701 974 τι
724 896 878 1000 θήρειον
903 895 1017 985 δάκος

257 1023 499 1123 δαινύμενος,
526 1029 567 1102 ἐν
593 1025 759 1129 στέχοντι
782 1025 935 1129 γαστέρ’
961 1025 1100 1103 ὑπτίαν

309 1165 1104 1217 essecestram*

189 1269 441 1352 330e’ucmuciv
465 1264 650 1372 γάλακτος
673 1266 863 1368 ἀμφορέα,
892 1268 1027 1344 πέπλον

258 1393 404 1497 κρούω,
430 1391 519 1477 Διὸς
542 1395 763 1494 βρονταῖσιν
785 1397 837 1476 είς
861 1394 940 1493 έριν
964 1396 1129 1470 κτυπαίν.

257 1523 350 1600 ὅταν
376 1519 417 1596 δὲ
441 1518 576 1619 βορέας
595 1513 708 1614 χιόνα
736 1513 896 1617 Θρῄκιος.
911 1519 991 1617 χέῃ,

258 1647 406 1749 δοραῖσι
431 1647 564 1744 θηρῶν
590 1651 699 1741 σῶμα
723 1642 938 1743 περιβαλὼν
963 1642 1055 1741 ἐμὸν

259 1772 420 1870 καὶπῦρ
446 1767 640 1860 ρἰναίθων,
669 1764 797 1863 χιόνος
820 1767 932 1856 οὐθέν
955 1797 1019 1866 μοι
1048 1766 1158 1866 μέλει.

191 1899 283 1996 33ὀὴ
308 1904 356 2001 pai
382 1890 616 1997 d’oivdyxp,
652 1890 727 1968 κᾶν
749 1891 841 1991 θέλῃ
863 1891 937 1970 κίίν
961 1893 1014 1991 μὴ
1039 1891 1143 1994 θέλῃ,

259 2024 438 2101 τίκτουσα
462 2020 574 2095 ποίαν
597 2015 710 2116 tolph
723 2016 860 2094 πιαίνει
880 2015 988 2116 βοτά.

262 2146 349 2252 tt’yot
376 2146 457 2222 οὔτι
482 2141 569 2220 θιίω
595 2140 689 2239 πλὴν
714 2143 814 2242 ἐμοί,
843 2147 964 2219 θεοῖσι
989 2140 1030 2219 d'
1061 2141 1119 2230 od,

262 2272 327 2350 καὶ
350 2279 396 2368 τῇ
418 2269 572 2373 μεχίστῃ
596 2268 730 2372 γαστρὶ
753 2267 842 2366 τῇδε
865 2265 1079 2371 δαιμόνων·

263 2447 538 2466 ff

348 2560 419 2624 326.
464 2556 544 2616 Libri
565 2553 626 2637 έχω.
670 2554 778 2636 Scripsi
800 2551 887 2636 έχων,
916 2559 1046 2637 quoniam
1068 2527 1183 2618 verbum
1205 2513 1302 2620 deesse
1323 2562 1365 2620 vi·

171 2673 203 2714 x
265 2643 366 2716 detur,
389 2642 509 2722 positum
532 2641 560 2699 in
582 2660 616 2700 eo
635 2659 719 2700 versu
740 2640 788 2761 Qui
810 2637 925 2700 excidit.

347 2743 419 2805 327.
463 2734 593 2798 Libri*¹
572 2763 592 2818 ῃ
616 2733 723 2818 μόσχον
743 2734 841 2802 ὀπτόν.
882 2738 1093 2813 Boissonadus,
1123 2743 1247 2803 sentiens
1267 2741 1365 2804 deesse

264 2825 429 2906 particulam
450 2821 537 2882 verba
556 2824 752 2926 copulantem,
777 2824 900 2883 coniecit
918 2823 969 2885 aul
988 2785 1166 2884 scrihehdnm
1183 2843 1256 2886 esse.
1300 2826 1366 2887 Me·

264 2911 319 2968 lius
340 2918 416 2967 esset
434 2905 522 2984 Musg
504 2905 593 2964 oravit
614 2895 665 2981 οὗ,
688 2907 742 2965 nisi
763 2907 871 2987 perisse
892 2927 989 2966 versus
1009 2905 1162 2968 videretur.

345 3006 418 3069 328.
461 3003 550 3108 Libri
563 3001 594 3066 ἔν
610 3003 673 3088 dely
674 3028 743 3067 ονιι.
786 2995 965 3111 Scaliger
933 3029 965 3068 ευ
986 3005 1092 3090 στίχων
1106 3031 1136 3069 τε
1149 3003 1262 3090 γαστέρ’
1285 3002 1366 3070 dmt

264 3114 310 3154 αν.
352 3088 489 3148 Reiskius
517 3110 549 3150 ευ
536 3030 676 3171 τέγγων
695 3112 726 3150 τε
748 3085 861 3188 γαστέρ’
885 3084 1007 3167 ὑπτίαν,
1035 3089 1109 3170 quod
1135 3090 1275 3151 Matthiae
1302 3091 1366 3150 alii-

264 3194 319 3254 que
340 3183 526 3251 receperunt,
550 3192 604 3231 non
626 3173 802 3250 cogitantes,
826 3174 851 3232 si
872 3173 901 3232 id
923 3173 958 3234 de
979 3185 1046 3254 potu
1068 3175 1178 3253 intellig
1160 3185 1323 3246 veretum
1368 3235 1375 3247 ,

264 3259 315 3332 ξας
343 3255 491 3316 dicendum
521 3255 627 3328 luisse,
660 3274 694 3315 ne
725 3268 865 3361 pugnaret
892 3278 955 3317 cum
977 3256 1146 3337 sequentes
1146 3252 1283 3324 πεκπιιίν.
1276 3172 1367 3317 dt

263 3340 370 3400 illud'
362 3360 451 3418 rpsum
473 3333 616 3400 ἕπεκπιοιν
635 3333 775 3420 χαλαιιτος
795 3335 927 3422 αμφορέιι
947 3340 1028 3400 valde
1050 3342 1208 3420 importuno
1230 3341 1293 3399 loco
1315 3362 1367 3422 pn·

265 3426 348 3483 situm
378 3433 454 3481 esset
481 3432 545 3519 post
564 3440 599 3481 ea
620 3442 690 3501 quae
711 3424 838 3503 proxime
856 3421 1030 3502 praecedunt
1049 3424 1154 3497 verba,
1185 3425 1239 3483 nisi
1259 3423 1366 3504 aliquid

264 3505 341 3566 aliud
363 3506 579 3564 intercessisset.
624 3505 720 3580 Quare
742 3525 852 3566 versum
875 3508 1007 3566 omissum
1029 3508 1148 3566 stellulis
1172 3509 1279 3567 notavi.

346 3603 419 3667 332.
462 3603 537 3664 Edd.
553 3616 623 3665 vett.
645 3606 789 3688 Θρηίκιος.
830 3602 943 3664 Deinde
963 3605 1109 3687 Θρηίκιος,
1130 3618 1271 3688 postremo
1291 3602 1366 3694 Θρῃ-

263 3710 327 3761 ιιιος
347 3688 493 3767 scriptum.

347 3787 420 3852 336.
464 3787 549 3848 Hunc
578 3799 608 3848 et
628 3783 842 3867 praecedentem
864 3805 975 3847 versum
998 3788 1119 3848 allerunt
1138 3773 1309 3849 Plutarchus
1330 3786 1366 3849 de

264 3869 322 3931 del.
354 3890 432 3931 orac.
460 3872 561 3952 46.ρ
566 3871 671 3934 .435.
702 3868 738 3928 Β.
770 3868 843 3968 apud
872 3890 972 3950 quem,
1003 3882 1034 3930 ut
1055 3871 1083 3930 in
1096 3871 1251 3952 Euripidis
1273 3872 1363 3946 libris,

262 3953 398 4016 τίκτουσα
413 3955 527 4035 legitur,
547 3966 576 4014 et
590 3953 814 4031 Athenagoras
806 3974 834 4012 ιο
850 3952 952 4032 Legat.
970 3975 1021 4035 pro
1038 3953 1180 4036 Christp
1182 3957 1250 4019 ..28
1271 3956 1364 4032 (103.)

263 4039 311 4098 uhi
333 4032 451 4118 φύουσα
472 4039 622 4117 scriptum,
647 4035 721 4114 quod
742 4036 873 4115 placebat
890 4037 1083 4098 Valckenario
1105 4038 1140 4098 ad
1159 4037 1271 4098 Phoeu.
1291 4039 1342 4101 34.

347 4138 419 4199 337.
462 4135 602 4196 Matthiae
631 4154 713 4214 quum
742 4155 778 4194 ex
798 4133 941 4196 Aldina¹¹
924 4161 943 4198 α
964 4133 1033 4220 lyei,
1062 4157 1098 4197 ex
1117 4137 1291 4198 Florentinis
1316 4157 1366 4197 au·
1425 4123 1428 4132 Δ

266 4230 321 4279 tem
349 4231 379 4280 et
397 4213 513 4280 Vict.
503 4216 522 4278 d
538 4211 591 4300 ’γῶ
613 4217 745 4290 ιιίῑοιιῃυῑ
770 4221 912 4300 neglexit,
937 4220 1011 4300 quod
1032 4223 1125 4301 potius
1146 4233 1223 4293 erat,
1248 4223 1277 4281 in
1297 4219 1364 4282 edd

265 4315 330 4363 ante
360 4300 526 4362 Barnesium
557 4301 629 4406 legi,
644 4262 771 4404 '‘''quod
763 4323 823 4382 rpse
845 4323 955 4384 qnoque
976 4315 1086 4363 etcum
1107 4325 1140 4364 eo
1162 4265 1365 4408 deihcepsalii

265 4387 391 4486 sequuti
400 4397 479 4456 sunt,
509 4408 528 4445 α
510 4379 660 4466 dyni⁹'
624 4406 660 4447 ου
680 4409 738 4447 τινι
757 4383 838 4463 θυω,
868 4387 1036 4446 Barnesium
1057 4399 1149 4447 autern
1170 4383 1328 4448 dedisse⁰
1301 4383 1366 4470 uyni

264 4470 322 4530 τίνι
349 4463 424 4528 θέοι.
466 4467 579 4528 Neutra
606 4470 746 4575 peripmra
758 4491 841 4569 quos
871 4472 1055 4532 conveniebat
1083 4491 1214 4532 numeros
1234 4471 1363 4552 praehet.

267 4549 452 4612 Scribendurn
474 4563 536 4611 erat
554 4547 618 4636 opud
640 4549 703 4615 οὔτι
722 4548 798 4616 edo
