2994 5128
759 279 765 296 1

619 314 690 390 -es

90 513 235 616 πατρὸς
261 509 465 614 στερηθείς,
491 507 954 612 ἐγενόμηνμητρωιιόνος.

90 643 187 742 ὁρᾷς
203 637 417 722 Ὀδυσσέως
444 636 598 733 ἀῖοχον·
626 639 672 714 οὐ
696 640 917 716 κατέκτανεν

93 767 327 866 Τηλέμαχος·
354 762 402 840 οὗ
423 760 500 866 γὰρ
522 760 697 866 ἐπεγάμει
722 762 826 840 πόσει
848 762 973 855 πόσιν,

88 893 196 990 μένει
222 891 259 969 δ’
288 895 330 969 ἐν
354 893 467 974 οἴκοις
490 889 590 992 ὑγιές
614 887 868 992 εὖναστήριον.

19 1057 22 1066 ’
89 1020 185 1118 ὁρᾷς
203 1015 367 1094 Ἀπόλλω
391 1000 447 1107 d',
473 1016 516 1101 ito
537 1015 803 1118 μεσομφάλους
827 1017 937 1118 ἕδρας

90 1143 216 1220 ναίων
238 1145 407 1243 βροτοῖσι
433 1139 554 1240 στόμα
579 1145 679 1242 νέμει
706 1144 952 1245 σαφέστατον,

91 1263 127 1369 ᾧ
153 1265 391 1367 πειθόμεσθα
415 1266 536 1347 πάνθ’
566 1269 622 1344 b'o’
653 1269 701 1346 ib
726 1275 847 1354 κεῖνος
871 1269 974 1372 λέγῃ·
1162 1367 1164 1376 Α
1225 1289 1289 1356 580

89 1392 215 1496 τούτῳ
239 1391 446 1492 πιθόμενος
468 1395 539 1492 τὴν
562 1402 743 1472 τεκοῦσαν
766 1399 935 1472 ἔκτανον.
970 1411 973 1416 “

89 1527 234 1600 ἐκεῖνον
257 1521 405 1624 ἡγεῖσθ’
435 1517 591 1596 ἀνόσιον
614 1517 678 1594 καὶ
702 1519 875 1596 κτείνετε·

90 1651 229 1730 ἐκεῖνος
252 1646 405 1743 ἥμαρτ’,
433 1644 501 1721 οὐκ
525 1639 610 1746 ἐγώ.
662 1642 699 1720 τί
720 1652 818 1743 χρῆν
842 1673 889 1741 με
915 1644 1033 1745 δρᾶνς

89 1771 115 1870 ἢ
143 1773 211 1848 οὐκ
236 1768 434 1869 ἀξιόχρεως
460 1768 480 1845 ὃ
504 1767 595 1854 θεὸς
620 1769 849 1869 ἀναφέροντί
872 1799 939 1867 μοι
967 1849 969 1854 ,

88 1897 242 1996 μίασμα
266 1905 376 1973 λῦσαι
383 1927 397 1986 ,·
422 1900 489 1972 nol
510 1925 566 1981 τις
590 1889 660 1972 οὖν
684 1895 735 1970 ἔτ’
766 1893 816 1972 όν
841 1893 968 2000 φόροι,

91 2029 124 2100 el
149 2023 201 2122 μὴ
228 2023 247 2100 ὃ
272 2019 445 2109 κελεύσας
469 2017 624 2121 edomat
645 2051 692 2121 με
716 2021 770 2120 μὴ
794 2023 932 2100 θανεῖν
939 2053 952 2112 ,·

177 2397 250 2460 575.
270 2400 372 2478 Vulgo:
392 2389 470 2484 ὁρᾷς
486 2393 662 2470 Ὀδυσσέως
682 2394 811 2478 dil-egum
835 2393 871 2460 οὔ
892 2391 1056 2460 κατέκτανε
1075 2396 1216 2479 Τηλέμα-

87 2506 155 2564 χος.
197 2485 234 2544 Et
260 2491 299 2543 sic
324 2491 510 2564 iuterpuuguut
535 2486 597 2544 Par.
619 2483 655 2544 A.
680 2493 757 2588 εἴρεο
786 2487 850 2544 alter
871 2484 970 2565 Regius
998 2505 1029 2542 ac
1049 2483 1217 2546 scholiastes.

91 2571 179 2636 Quare
204 2569 354 2630 Bruuclrius
381 2589 434 2628 uon
461 2571 529 2627 male
555 2573 660 2647 scripsit
687 2590 723 2629 ου
746 2589 792 2629 νιν
813 2563 931 2643 έκτανε,
964 2576 1116 2646 praesertim
1138 2591 1216 2647 quum

89 2659 158 2715 alter
178 2657 223 2718 ille
244 2657 346 2733 Regius
367 2648 424 2718 oder
445 2647 602 2724 ἀπέκτανε,
622 2653 695 2732 Aug.
717 2674 740 2714 ο.
770 2661 856 2712 autom
885 2647 941 2715 ου’·ιι
962 2649 1067 2714 ἔκτανε
1087 2658 1217 2732 praebeat.

88 2741 238 2802 Novissimi
259 2741 371 2798 editores
392 2759 450 2798 oum
461 2739 630 2820 Musgrario:
652 2729 743 2823 ὃρᾷςς
762 2732 936 2810 Ὀδυσσέως
963 2732 1077 2815 ἄλοχον
1094 2733 1131 2800 οὗ
1159 2761 1217 2800 κα-

88 2823 222 2888 τέκτανε.
243 2825 338 2887 Veram
361 2844 421 2884 esse
442 2828 573 2902 antiquam
594 2829 835 2901 interpunctionem,
856 2828 908 2882 uisi
930 2824 998 2900 quod
1013 2829 1218 2902 interrogatione

164 2915 238 3054 oo
254 2906 824 3074 ει.
855 2929 1142 3072 .
1164 2993 1217 3054 ..

240 3038 247 3054 .
363 3038 370 3052 .
441 3055 449 3078 ⁶
723 3036 733 3065 ‚
797 3037 805 3056 .

88 3079 224 3149 Bruuolrii,
245 3080 318 3137 Flor.
340 3076 371 3137 6.
392 3077 423 3136 9.
446 3077 496 3137 17.
519 3075 569 3136 18.
592 3077 643 3137 21.
665 3076 716 3136 ³4.
738 3078 810 3156 Aug.
830 3080 856 3137 b.
879 3097 902 3138 ο.
923 3078 992 3146 Ver.
1014 3099 1039 3137 a.
1060 3079 1085 3138 b.
1121 3079 1217 3138 Porsu-

89 3183 140 3225 nus
160 3181 231 3233 vero,
252 3161 320 3239 quod
341 3181 389 3220 uec
409 3161 490 3219 dativi
509 3165 565 3218 iota
585 3171 654 3218 recte
676 3160 796 3231 elidatur,
821 3166 988 3220 accuratim
1010 3169 1096 3221 autem
1117 3161 1215 3222 Atticis

82 3239 223 3316 Ἀπόλλω
244 3251 288 3316 sit,
308 3250 424 3321 scripsit:
447 3235 538 3326 ὁρᾷςς
556 3238 710 3304 Ἀπόλλων
731 3237 764 3315 ὃς
784 3235 1004 3326 μεσομφάλους
1023 3243 1125 3328 ἕδρας.
1167 3247 1216 3306 At·

90 3353 139 3410 que
153 3323 311 3393 Ἀπόλλων
331 3327 427 3387 babent
446 3329 469 3388 1.
491 3327 527 3387 Ν.
550 3337 584 3399 et,
604 3333 628 3386 si
650 3327 753 3405 quidem
775 3335 893 3388 accurate
923 3349 980 3388 cum
1004 3330 1045 3389 ed.
1067 3329 1216 3411 Musgravii

89 3417 175 3476 collati
197 3423 273 3484 suut,
305 3411 409 3492 dequo
438 3411 602 3472 vehementer
624 3411 728 3485 dubito,
759 3411 905 3472 Florentiul
927 3433 1027 3475 omues.
1071 3417 1156 3488 Sane,
1189 3423 1213 3477 si

88 3497 197 3562 vulo.
220 3493 310 3584 ὁρᾷςς
332 3501 496 3570 scriberetur,
517 3519 568 3560 uon
589 3501 675 3577 poluit
692 3497 738 3558 hic
762 3489 837 3585 ὁρᾷς
858 3491 903 3568 d’,·
918 3499 1036 3573 admitti,
1059 3507 1120 3578 quia
1137 3495 1213 3586 ὁρᾷς

90 3593 116 3644 et
136 3579 211 3670 ὁρᾷς
232 3606 284 3643 nou
304 3592 415 3662 possunt
435 3588 502 3642 iuter
523 3602 553 3642 se
573 3589 684 3662 opponi,
714 3603 764 3643 uec
784 3589 842 3644 siue
864 3579 897 3644 δέ
918 3588 997 3644 scribi
1024 3578 1116 3663 ὅρᾶςς
1150 3593 1212 3665 quia

88 3672 131 3729 bic
151 3676 203 3728 ista
224 3673 340 3748 quaestio
361 3675 438 3728 etiam
460 3671 545 3749 magis
571 3673 659 3747 inepta
689 3677 730 3728 est
758 3689 835 3746 quam
856 3690 883 3730 r.
905 3665 979 3729 575.
1012 3647 1102 3738 ¹Redto
1124 3677 1212 3730 lamen

89 3764 163 3814 vetus
174 3757 301 3832 scriptura
311 3749 345 3814 δὲ
355 3762 449 3825 serrat,
470 3753 546 3813 modo
557 3753 585 3812 id
596 3773 644 3813 suo
655 3755 713 3812 ioco
730 3758 894 3813 restituatur:
917 3745 993 3838 δρᾷς
1008 3747 1149 3814 Ἀπόλλω
1165 3751 1210 3815 δ’.

170 3852 243 3916 579.
270 3856 372 3938 Vulgo:
400 3848 501 3932 στόμα
528 3850 723 3934 σαφέστατον
749 3849 840 3928 νέμει.
895 3851 1019 3930 Plerique
1055 3853 1130 3913 codd.
1160 3875 1211 3913 me-

87 3941 149 3999 liore
168 3943 270 4017 positu:
292 3932 394 4016 στόμα
414 3935 496 4016 νέμει
516 3933 721 4018 σαφέστατον.
770 3935 891 3995 Clemens
917 3937 995 3998 Alex.
1022 3943 1051 3996 iu
1083 3939 1210 4015 Protrepl.

87 4045 113 4104 p.
132 4020 184 4170 dp.
206 4024 294 4082 affert:
316 4017 350 4096 ὃς
367 4014 589 4104 μεσομφάλους
611 4017 702 4102 ἕδρας
725 4016 801 4080 ναίει
821 4021 961 4102 βροτοΐσι
988 4015 1090 4100 στόμα
1111 4018 1210 4099 νέμων

88 4128 151 4190 σαφ
167 4129 277 4170 στατα.

170 4205 243 4272 581.
272 4209 394 4268 Clemens
419 4208 440 4268 l.
463 4228 489 4264 o.
517 4212 561 4284 qui
587 4225 680 4266 versus
700 4201 809 4266 581-
822 4199 896 4266 684.
923 4210 1029 4266 omissis
1057 4215 1157 4266 tantum
1179 4205 1213 4269 cl

86 4295 162 4374 χρῆν
181 4315 219 4371 με
239 4291 317 4375 δρᾶν
338 4294 421 4364 affert,
441 4289 527 4374 κεένφ
548 4285 730 4368 πιθόμενος,
752 4290 821 4368 quod
841 4292 977 4350 Persouus
997 4295 1152 4370 recepisset,
1183 4300 1209 4354 si

88 4400 153 4439 uuus
174 4379 256 4439 codex
277 4383 441 4438 accessisset.
482 4377 585 4436 Bonum
606 4379 719 4448 lactum,
740 4377 809 4453 guod
830 4378 918 4437 nullm
935 4382 1059 4436 accessit.
1142 4433 1144 4438 .

169 4476 242 4540 186.
263 4481 339 4538 Libri
357 4497 449 4540 omues
469 4475 496 4538 εἲ
515 4472 559 4556 μή
580 4470 597 4539 ὁ
619 4470 771 4548 κελεύσας,
793 4477 862 4556 quod
884 4485 954 4538 recte
975 4495 1112 4538 revocasse
1130 4479 1207 4538 Bois·

88 4566 210 4628 souadum
232 4569 349 4646 arbitror,
369 4573 505 4643 postquam
526 4562 676 4625 Bmuckius
696 4584 731 4622 ex
751 4561 901 4624 bdorklaudi
923 4567 1071 4624 οοιιίοεωια
1091 4570 1206 4646 pessime
