2996 5136
803 304 877 380 156

287 483 480 585 πρόχειρος
504 485 612 578 ὤθει)
640 482 784 589 σφάγια
808 493 863 586 τῷ
887 485 1085 582 τεθνηκότι
1091 517 1106 576 ,·

287 610 323 685 οἳ
346 608 386 685 d’
412 615 462 692 εὶς
485 607 650 708 κέλευσμ’
677 606 850 693 ἐλθόντες
872 607 1132 710 ἐξανήρπασαν

199 743 280 804 1585
288 742 447 835 ταῦρον,
474 733 649 834 φέροντός
669 734 700 807 τ’
727 741 777 818 εις
801 737 932 812 ἔθεντο
954 736 1128 834 σέλματα.

284 856 537 958 μονάμπυκον
562 857 603 935 dd
629 859 824 942 Μενέλεως
848 855 982 959 ψήχων
1004 861 1117 961 δέρην

285 1101 457 1161 Schaelcrns
475 1101 629 1180 reliquerat
644 1102 754 1180 signum
769 1100 963 1182 interrogandi
974 1113 1040 1181 post
1053 1101 1216 1180 ἐμβαλεῖτε,
1228 1121 1284 1160 nun
1299 1111 1389 1171 recte,
1479 1096 1481 1199 ⁴

284 1203 367 1263 quum
391 1195 489 1262 aperte
516 1183 629 1268 σφάγια
658 1189 700 1268 τῷ
719 1183 880 1261 τεθνηκότι
903 1185 1042 1246 adiectum
1069 1188 1106 1244 sit
1127 1183 1162 1244 ad
1184 1182 1323 1265 ταύρειον
1344 1181 1391 1243 de'·

283 1291 352 1345 μας.
404 1267 470 1325 Νοο
492 1264 663 1327 laudaverim
686 1287 739 1346 ego
761 1267 871 1348 quidem
899 1268 1089 1329 coniecturam
1118 1265 1299 1347 Musgravii,
1338 1264 1390 1325 sed

283 1361 377 1410 tamen
401 1351 430 1409 in
452 1352 614 1410 universum
636 1362 715 1412 recte
736 1371 798 1412 cum
823 1351 965 1424 iudicasse
984 1351 1080 1412 video.
1128 1352 1202 1412 Nam
1224 1353 1270 1432 qui
1291 1351 1390 1412 bume-

282 1434 324 1493 ris
348 1433 485 1492 sublatum
503 1434 609 1494 auferri
628 1435 657 1494 in
681 1455 780 1495 navem
797 1435 875 1496 iubat
894 1447 1015 1508 taurum,
1039 1437 1154 1495 insanus
1168 1445 1258 1506 esset,
1283 1436 1307 1492 si
1324 1453 1387 1494 eum

283 1517 366 1575 simul
388 1515 492 1594 gladiis
514 1517 632 1597 propelli
651 1519 758 1578 vellete
789 1520 901 1579 sancius
924 1520 999 1578 enim
1022 1520 1107 1578 multo
1125 1520 1249 1579 ferocius
1270 1518 1389 1576 resistc-

281 1610 338 1659 ret.
381 1599 484 1679 Neque
503 1619 573 1660 veru
588 1599 662 1661 trudi
683 1601 787 1680 gladiis
811 1611 920 1681 potest,
951 1600 1001 1664 sed
1020 1603 1163 1682 pungitur.
1208 1601 1281 1676 Quis
1295 1610 1388 1660 autem

281 1683 443 1756 victimam,
474 1703 556 1764 quam
579 1684 717 1763 integram
737 1695 820 1763 atque
840 1686 968 1745 illaesam
988 1687 1104 1745 mactari
1127 1685 1285 1764 oportebat,
1312 1703 1389 1742 com-

281 1777 412 1846 punctam
438 1767 516 1826 forro
538 1767 724 1847 laniatumque
747 1768 910 1829 vulneribus
934 1789 1018 1827 ansus
1044 1778 1122 1828 essct
1140 1766 1196 1827 diis
1216 1764 1388 1826 immolare?

283 1848 367 1924 Quod
397 1849 452 1910 nisi
477 1851 595 1928 egregie
623 1851 724 1922 lallor,
754 1852 871 1931 scripsit
890 1850 1044 1930 Euripides
1068 1871 1104 1912 cx
1125 1851 1219 1912 nuoeii
1243 1869 1384 1930 personae

281 1929 427 2014 φασγάνῳ
449 1930 482 1993 θ’
497 1932 559 2011 ἅμα
580 1930 740 2014 πρόχειρος
762 1931 848 1996 όύθει.
882 1933 1032 1994 Menelaus
1051 1935 1112 2014 ipse
1134 1934 1307 2016 propellebat
1325 1944 1388 1992 tau·

281 2036 361 2088 runa,
390 2013 474 2094 idque
496 2017 594 2075 stricto
617 2037 701 2088 ense,
739 2018 767 2076 in
797 2018 920 2097 speciem
948 2019 1038 2097 parati
1069 2017 1105 2077 ad
1125 2015 1331 2078 defendendum
1350 2015 1387 2074 ab

282 2118 313 2159 se
333 2109 462 2170 taurum,
485 2119 603 2160 revera
624 2111 716 2161 autem
739 2121 793 2179 quo
811 2102 938 2182 paratior
957 2100 1163 2180 aggrederetur
1181 2100 1353 2180 Aegyptios.

364 2211 458 2268 1584.
502 2203 579 2266 Edd.
604 2218 671 2268 vett.
695 2203 768 2270 οἵδ’.
803 2207 870 2268 Νοο
892 2207 1029 2268 intellexit
1048 2207 1197 2288 Pllnglrius
1220 2205 1286 2289 quid
1307 2215 1388 2266 esset

280 2282 325 2362 εἷς
339 2285 474 2370 κέλευσμ’
496 2287 646 2366 ἐλθόντες,
669 2311 750 2371 quum
773 2290 803 2351 id
824 2291 1034 2366 κελευσθέντες
1055 2294 1273 2372 interpretatur,
1303 2309 1386 2369 qnam

278 2373 395 2454 phrasin
421 2394 477 2434 non
498 2372 617 2454 perinde
639 2377 779 2454 cognitam
803 2393 869 2436 esso
893 2376 934 2435 ait
955 2388 1040 2456 atquc
1061 2377 1154 2448 illam,
1184 2376 1316 2454 quaesit
1339 2373 1383 2454 ἔρ-

278 2465 385 2538 χεσθαι
406 2456 454 2519 διά
477 2479 575 2532 τινος,
601 2459 682 2519 cuius
704 2459 845 2522 simillima
868 2460 914 2519 sit.
966 2460 1056 2520 lmmo
1083 2459 1295 2521 dissimillimam
1318 2477 1385 2518 esse

277 2539 412 2614 vidisset,
449 2542 475 2601 si
497 2543 666 2621 cogitasset,
699 2541 763 2622 quid
786 2542 944 2603 laciendum
967 2554 1046 2603 esset
1065 2553 1174 2603 taurum
1197 2543 1226 2601 in
1251 2541 1384 2601 humeros

278 2625 442 2686 sublaturis.
485 2625 597 2705 Nempe
617 2627 776 2686 acclamare
789 2626 855 2696 ,siut
872 2626 955 2686 simul
972 2645 1071 2686 omnes
1093 2635 1216 2705 oportet,
1238 2634 1269 2684 nt
1289 2626 1384 2684 cuncti

278 2709 362 2771 simul
388 2707 565 2790 prehendant
591 2709 747 2789 pecudem,
775 2728 833 2788 ,ροο
855 2728 911 2780 nc,
949 2709 975 2767 si
998 2710 1071 2769 alius
1093 2718 1157 2788 post
1176 2707 1261 2772 alium
1283 2728 1384 2768 manus

276 2793 398 2864 inliciat,
421 2792 526 2871 singuli
549 2803 773 2870 prosternantur.
817 2789 850 2849 ld
867 2792 981 2852 Graece
1004 2791 1110 2852 dicitur
1126 2790 1164 2866 Ιλιι
1177 2787 1385 2870 κελεύσματος,

276 2877 388 2937 cernitu
423 2895 459 2933 ne
480 2875 654 2954 potissimum
677 2877 706 2933 in
728 2874 944 2952 remigantibus,
969 2875 1016 2952 qui
1038 2876 1094 2933 nisi
1115 2876 1209 2936 cuncti
1231 2875 1314 2935 simul
1335 2895 1383 2934 re·

276 2979 338 3017 mos
366 2976 400 3017 eo
422 2975 466 3016 cm
493 2955 575 3015 modu
597 2966 744 3027 moveant,
779 2955 933 3036 impediant
954 2958 1043 3038 magis
1064 2977 1177 3020 cursum
1199 2959 1279 3020 navis
1300 2979 1382 3039 quam

276 3039 422 3101 adiuvent.
465 3038 631 3121 Aeschylus
659 3039 688 3101 in
711 3038 810 3100 Persis
830 3060 859 3100 v.
875 3047 948 3106 396.
1062 3037 1065 3048 '

444 3133 540 3212 εύθύς
563 3137 596 3201 δὲ
617 3135 722 3222 κώπης
743 3135 891 3218 ῥοθιάδος
912 3143 1081 3225 ξυνεμβολῇ

443 3221 569 3285 ἔπαισαν
590 3219 689 3303 άλμρν
710 3219 837 3306 βρύχιον
858 3225 891 3290 ἐκ
913 3224 1119 3306 κελεύσματος.

275 3323 316 3384 Et
338 3321 493 3402 Euripides
514 3323 608 3404 lphig.
631 3325 833 3389 Tanr.1405.

360 3427 454 3485 1585.
497 3420 573 3482 Edd.
605 3424 747 3501 φέροντές
776 3422 800 3487 τ’
831 3424 981 3500 statuam
1010 3424 1148 3504 σέλματα.
1189 3423 1270 3483 Flor.
1294 3434 1323 3486 1.
1345 3435 1378 3486 2.

274 3505 355 3567 vict.
380 3507 523 3584 φέροντες
546 3503 580 3568 d'.
631 3506 730 3570 Facile
757 3511 844 3570 verba
869 3510 1006 3570 neutralia
1034 3529 1096 3568 eum
1125 3509 1286 3567 accusativo
1311 3508 1380 3579 loci,

274 3591 303 3649 in
326 3609 406 3668 quem
428 3588 494 3669 quid
517 3609 581 3650 sese
603 3591 705 3664 inient,
735 3595 960 3672 coniunguntur,
984 3603 1015 3651 ut
1036 3591 1210 3664 εἰςπίπτειν,
1230 3590 1381 3666 ἕςθορεῑν,

273 3693 330 3732 non
360 3674 425 3731 item
452 3692 523 3752 quac
551 3675 643 3734 activa
666 3687 807 3756 potestate
833 3677 916 3735 ctiam
945 3676 1063 3734 alterum
1087 3674 1276 3733 accusativum
1299 3674 1381 3733 addi-

274 3767 331 3816 tum
353 3755 468 3816 babent.
517 3756 614 3831 Quare
636 3758 708 3832 boc,
733 3761 816 3820 sicuti
835 3760 1049 3840 pronunciatum
1072 3776 1139 3817 esse
1160 3766 1243 3837 puto,
1267 3754 1380 3817 divisim

275 3841 319 3916 εἰς
340 3839 445 3902 ἔθεντο
468 3842 582 3920 scripsi.

357 3945 450 4004 1586.
494 3940 625 4001 Permira
647 3951 692 4000 cst
711 3940 836 4021 Plluglrii
854 3941 1068 4020 interpretatio:
1090 3943 1140 4000 uim
1156 3941 1283 4018 quamuis
1296 3944 1381 4004 auius

272 4027 350 4086 υἰιιίε
370 4028 508 4086 eua'uetum
532 4025 614 4086 tauri
634 4027 735 4084 collum
748 4024 935 4106 frontemque
951 4023 1152 4104 permulcendo
1174 4023 1300 4084 ούιύιυιλ
1317 4027 1380 4086 Με-

273 4110 385 4181 acleus,
405 4119 439 4170 ut
458 4111 487 4169 in
507 4111 578 4170 naui
593 4110 772 4170 consisteret.
819 4109 941 4170 Ubinam
964 4105 1039 4168 istud
1061 4109 1111 4167 υἰκ
1130 4108 1158 4165 ἰο
1177 4105 1298 4166 Graecis
1314 4108 1380 4167 est‘l

275 4191 390 4252 ubinam
417 4196 544 4272 quumvis
564 4193 669 4252 unius?
702 4213 756 4272 qno
784 4192 911 4272 prolecto
938 4190 1008 4250 nihil
1035 4191 1156 4269 ineptius
1178 4187 1296 4251 dixisset
1317 4189 1379 4250 Eu·

276 4272 395 4352 ripides.
436 4275 512 4336 Nam
539 4276 601 4356 quis
630 4273 741 4336 tandem
771 4275 854 4336 bomo
879 4295 941 4335 cnm
970 4293 1058 4353 grege
1086 4285 1228 4334 taurorum
1258 4293 1381 4352 congre-

274 4353 390 4416 dietnr'l
424 4361 503 4438 qnasi
525 4379 580 4418 non
602 4360 648 4419 vel
667 4379 752 4419 unum
777 4361 908 4439 mitigare
935 4355 1124 4418 difficillimum
1151 4359 1197 4417 sit.
1244 4356 1378 4436 Denique

273 4437 340 4519 qnid
360 4437 389 4500 id
410 4441 446 4501 ad
467 4441 651 4517 Menelaum,
675 4444 723 4521 qni
743 4453 859 4524 praeter
880 4444 956 4503 illam
979 4461 1062 4504 naum
1084 4461 1140 4501 non
1165 4439 1285 4500 babebat
1305 4442 1377 4502 alios

272 4541 344 4604 qnos
360 4521 476 4586 domare
492 4525 613 4606 posset?
654 4524 739 4587 Unde
756 4547 825 4588 vero
838 4527 1044 4590 etiamvittae‘l
1085 4525 1195 4585 Funem
1210 4524 1265 4584 isto
1278 4534 1377 4586 tauros
