2994 5128
790 285 816 359 6

250 487 383 572 νυκτὸς
413 487 484 585 μίν
509 487 655 584 Ἑλένην
688 484 867 583 εῖςπέμπει
901 481 992 581 πρὸς
1027 477 1231 578 Μυκήνας,
1271 481 1369 578 μεθ’

248 615 392 714 ἡμέραν
416 612 457 690 ἀί
484 613 596 697 αὐτὸς
619 609 743 709 είςῄει,
784 611 847 687 καὶ
882 609 949 694 τὸν
967 608 1147 707 Ὀρέστην
1179 602 1378 704 μεμηνότα

250 736 384 838 εὗριύν,
409 745 673 841 παρακαλεῖται
697 737 769 837 μὲν
791 735 865 814 ὑπὸ
883 735 1060 833 Ὀρέστου
1092 734 1156 809 καὶ
1173 733 1381 830 Ἠλέκτρας

253 874 372 943 σῶσαι
412 863 559 952 αὐτούς.
611 866 631 941 ὁ
670 865 744 968 γὰρ
782 873 848 961 τῆς
881 843 1213 959 Κλυταιμνήστρας
1250 858 1380 956 πατὴρ

256 990 477 1091 Τυνδάρεως
507 989 651 1077 πάντας
674 991 873 1094 Ἀργείους
902 989 986 1064 κατ’
1030 987 1158 1064 αὐτῶν
1192 983 1381 1082 ἐκίνησεν,

141 1181 146 1190 .
251 1122 316 1195 ἵνα
340 1117 496 1203 τούτους
520 1119 572 1203 ὥς
602 1115 876 1217 μητροκτόνους
908 1116 1082 1192 ἀνέλοιεν.
1134 1113 1185 1197 ὥς
1222 1112 1264 1188 δὲ
1306 1111 1382 1186 τὸν

258 1243 486 1347 Τυνδάρεων
511 1244 751 1348 ἀντιλέγοντα
776 1237 872 1343 εὗρε,
898 1242 961 1317 καὶ
983 1242 1063 1338 ἅμα
1076 1241 1139 1316 καὶ
1153 1237 1266 1324 αὐτὸς
1280 1238 1381 1314 ύπο-

255 1369 489 1473 λογιζόμενος
514 1371 564 1455 ὡς
589 1377 621 1445 εί
639 1373 811 1471 Ὀρέστης
836 1367 1073 1468 ἀναιρεθείη,
1107 1365 1282 1465 βασιλεὺς
1307 1366 1382 1441 αύ-

255 1497 318 1582 τὸς
341 1501 444 1574 ἔσται
468 1505 536 1573 τοῦ
552 1499 729 1600 Ἄργους,
756 1497 825 1572 οὐκ
847 1497 983 1594 ἤθελεν
998 1494 1154 1596 Ὀρέστῃ
1179 1522 1218 1567 τε
1242 1491 1306 1568 καὶ
1331 1501 1381 1588 τῇ

256 1624 399 1724 ἀάελφῇ
426 1632 650 1721 συμμαχεῖν,
675 1625 768 1698 ἀλλά
792 1622 836 1698 τὸ
861 1631 939 1697 τῶν
950 1621 1126 1724 Ἀργείων
1141 1624 1285 1720 πλῆθος
1303 1621 1382 1694 έλε-
1471 1605 1472 1616 ¹

256 1779 322 1854 γεν
346 1751 601 1849 εὐλαβεῖσθαι.
645 1759 796 1850 πρῶτον
820 1747 891 1847 μὲν
916 1743 986 1824 οὗν
1004 1748 1177 1848 Ὀρέστης
1200 1746 1263 1822 καὶ
1282 1753 1384 1822 Τυν-
1472 1787 1473 1852 ρ

257 1875 400 1973 ἀάρεως
425 1876 670 1974 διελέχθησαν
693 1876 785 1975 πρὸς
809 1873 998 1972 ἀλλήλους,
1022 1875 1045 1948 ὃ
1071 1873 1141 1969 μὲν
1166 1873 1217 1957 ὥς
1243 1873 1288 1949 ού
1321 1873 1384 1950 ἀι·
1472 1853 1473 1904 ³

258 2001 372 2087 καίως
397 2001 558 2079 ἀνείλετο
586 2000 921 2101 Κλυταιμνήστραν
945 1997 1109 2090 δεικνύς,
1139 2000 1313 2099 Ὀρέστης
1338 1999 1384 2076 ἀὲ

259 2129 310 2214 ὥς
334 2129 398 2205 καὶ
422 2128 523 2228 μάλα
549 2128 714 2218 δικαίως,
741 2135 772 2203 ελ
796 2128 858 2204 καὶ
884 2125 1058 2227 μυριάκις
1082 2127 1199 2224 αὐτὴν
1223 2127 1302 2204 ίάει-
1320 2157 1385 2202 τε-

204 2285 207 2292 ·
259 2253 414 2332 θνάναι.
461 2259 584 2331 ἔπειτα
609 2257 800 2354 ἐκκλησίας
823 2259 865 2332 ἐν
890 2253 1084 2354 ἀκροπόλει
1100 2261 1296 2352 Μυκηνῶν
1321 2283 1387 2356 γε-

259 2381 416 2479 νομένης
446 2383 510 2458 καὶ
545 2380 754 2459 συνιόντων
785 2391 866 2458 τῶν
904 2378 1147 2482 προύχόντων
1182 2384 1224 2456 ἐν
1246 2382 1385 2483 Ἄργει,

253 2508 427 2606 Ὀρέστης
451 2509 525 2584 ἀπὸ
552 2507 737 2585 Πυλάδου
762 2505 937 2610 φοράδην
960 2513 1073 2590 ἐκεῖσε
1096 2507 1294 2607 κομίζεται.
1321 2505 1388 2584 λό-

260 2662 341 2735 γων
367 2634 408 2710 δὲ
434 2644 581 2714 πολλῶν
604 2637 827 2739 γινομένων,
851 2635 915 2710 καὶ
938 2644 1017 2713 τῶν
1037 2634 1108 2734 μὲν
1131 2632 1387 2734 βοηθούντων

254 2761 423 2859 Ὀρέστῃ,
448 2770 527 2838 τῶν
552 2761 594 2837 ἀί
619 2762 929 2859 ἐναντιουμένων,
953 2761 1053 2846 τέλος
1066 2761 1241 2859 ἐνίκησαν
1257 2763 1292 2836 οἱ
1317 2791 1388 2838 κα-

262 2888 331 2964 κοί.
353 2925 355 2931 *
374 2888 438 2962 καὶ
462 2886 722 2985 κατακρίνεται
740 2887 914 2986 Ὀρέστης
939 2885 1052 2972 ούτός
1075 2917 1115 2962 τε
1139 2887 1202 2964 καὶ
1227 2887 1249 2986 ἡ
1275 2888 1387 2964 ἀδελ-

225 3011 230 3020 ’
263 3013 465 3124 φὴὶλίθοις
488 3013 693 3111 βληθέντες
725 3013 946 3090 ἀποθανεῖν.
996 3015 1171 3114 Ὀρέστης
1201 3013 1243 3091 ἀὲ
1275 3018 1387 3117 ἐπηγ-

263 3141 409 3242 γείλατο
445 3139 537 3241 πρὸς
567 3141 611 3216 τὸ
643 3145 790 3239 πλῆθος
821 3139 1032 3240 αὐτοχειρίᾳ
1065 3141 1201 3217 ἑαυτὸν
1230 3141 1294 3216 καὶ
1317 3142 1388 3240 τὴν

264 3266 431 3366 ἀδελφήν
456 3265 681 3367 ἀποσφάξαι.
726 3269 790 3344 καὶ
815 3268 836 3342 ὃ
861 3266 970 3368 φίλος
996 3265 1175 3364 Πυλάύης
1196 3267 1261 3343 καὶ
1285 3268 1388 3368 παρά

261 3393 334 3489 τὴν
359 3394 564 3492 σομφοράν
594 3392 702 3492 φίλος
732 3397 851 3490 ἔμεινε
882 3394 946 3470 καῖ
976 3400 1170 3472 κοινωνεῖν
1195 3393 1298 3493 αὐτῷ
1323 3403 1388 3491 τῆς

264 3526 432 3614 τελευτῆς
456 3518 593 3615 -ήξίωσε
625 3519 910 3619 προθυμότατα.
950 3521 1027 3596 ἐπεὶ
1061 3520 1103 3597 ἀὲ
1139 3520 1247 3620 σφίσι
1275 3527 1387 3596 τοῦτο

266 3647 406 3720 παθεῖν
438 3646 653 3743 προύκειτο,
694 3645 940 3746 συμβουλεύει
968 3645 1167 3745 Πυλάάης,
1214 3648 1387 3726 Μενέλεω

266 3778 416 3871 πρῶτον
447 3771 633 3872 τιμωρίαν
665 3777 814 3873 λαβεῖν,
856 3775 974 3877 λέγων
1006 3774 1057 3858 ἀς
1089 3774 1135 3850 ού
1167 3773 1226 3850 ἀεῖ
1254 3781 1388 3850 τοῦτον

265 3907 419 3998 τρυφάν,
441 3898 551 3997 ἡμῶν
576 3898 777 3978 ἀπιόντων.
828 3901 922 3978 ὅθεν
955 3899 1177 3986 ελςελθόντες
1201 3905 1287 3998 είσω
1312 3909 1389 3977 τῶν

265 4024 467 4123 βασιλείων
486 4025 628 4124 Ἑλένης
653 4027 774 4124 ἀῆθεν
798 4025 1034 4126 ἀεησόμενοι,
1073 4029 1137 4104 ἵνα
1168 4025 1220 4125 μὴ
1245 4025 1388 4124 περιίδῃ

268 4159 368 4250 σφᾶς
392 4152 628 4248 ὀλλυμένους,
653 4153 748 4228 ἀλλά
770 4160 877 4252 χεῖρα
902 4154 1007 4254 ὀρέξῃ
1024 4153 1088 4230 καὶ
1105 4153 1305 4230 Μενέλεων
1328 4153 1390 4228 καὶ

268 4281 408 4354 ἀκοντα
434 4278 526 4377 πρὸς
551 4277 738 4377 σωτηρίαν
762 4277 915 4379 κινήσῃ,
947 4280 1024 4358 ἐπεὶ
1054 4277 1195 4377 ταύτην
1221 4276 1390 4379 φονεύειν

268 4406 431 4498 ἔμελλον,
457 4401 594 4502 ταύτης
618 4403 689 4504 μὲν
712 4405 895 4506 ήμσρτον,
927 4406 1001 4484 ὑπὸ
1018 4404 1248 4490 ’Λπόλλωνος
1272 4405 1392 4505 ἀρπα-

270 4525 423 4625 οθείοης
446 4527 603 4605 κελεύσει
630 4529 719 4616 Διός
726 4587 738 4622 ,
766 4531 963 4633 Ἑρμιόνην
994 4531 1036 4611 ἀί
1063 4529 1393 4633 συλλαμβάνουσιν
