3028 5136
631 286 721 366 ’25

534 476 577 546 Σ
580 474 612 546 Ε
617 475 641 544 Ι
645 471 686 544 Λ
692 473 780 546 ΗΝ
784 472 870 546 ΟΣ.

147 614 272 716 ἔλεγον
299 608 373 712 ἐγώ
398 601 505 683 τάδ’·
534 606 575 680 ὀἳ
598 602 637 681 δ’
664 601 828 704 ἐφόρουν
851 604 899 680 τὰ
920 605 1108 708 χρήματα,

148 736 212 813 καὶ
235 731 304 812 τόν
328 760 370 837 γε
394 729 511 833 τυρὸν
534 730 603 806 οὐκ
628 730 763 816 ἐῶντος
784 730 933 826 ἤσθιον,

145 857 234 945 τούς
257 860 294 946 τ’
322 858 439 956 ἄρνας
461 859 718 956 ἕξεφοροῦντυ·
754 851 932 951 δήσαντες
956 855 1002 932 δέ
1023 883 1063 935 σε

148 992 257 1087 nimpi
281 978 447 1080 τριπήχει
471 979 567 1057 κατὰ
593 977 661 1055 τὸν
686 978 861 1078 ὀμφαλὸν
886 981 1001 1079 μέσον

147 1109 196 1186 ad
221 1105 402 1212 σπλάγχν’
431 1109 596 1208 ἔφασκον
622 1104 872 1204 ἒξαμήσεσθαι
894 1104 976 1206 βίᾳ,

147 1231 301 1338 μάστιγί
325 1234 361 1308 τ’
389 1229 430 1309 εὖ
453 1231 497 1308 τὸ
521 1240 644 1311 νῶτον
668 1229 896 1330 ἂποθλέιμειν
920 1233 1043 1324 σέθεν,

146 1362 303 1436 κᾶπειτα
327 1353 577 1452 συνδήσαντες
599 1363 649 1441 eis
673 1351 848 1431 θᾶδιδλια

146 1494 211 1582 τῆς
236 1482 323 1579 νηὸς
348 1457 578 1582 ἐμβαλόντεςι
596 1477 806 1556 ἀποδώσειν
829 1479 902 1556 τινὶ

148 1610 302 1711 πέτρους
321 1603 532 1706 μοχλεύειν,
562 1603 586 1678 d
611 1610 660 1690 ελς
683 1613 841 1703 μυλῶνα
864 1608 1101 1705 καταβαλεῖν.

566 1794 607 1862 Κ
614 1793 688 1862 YK
688 1790 729 1862 A
736 1789 778 1864 Ω
790 1795 832 1867 Ψ.
966 1883 972 1891 ¹

150 1927 304 2022 ἄληθες,
331 1925 470 2002 οὔκουν
493 1923 652 2010 κοπίδας
677 1923 726 2008 nic
748 1920 896 2022 τάχιστ’
923 1923 993 2002 bair

148 2213 225 2274 tinne
252 2211 351 2271 vitiata
381 2212 410 2270 in
438 2207 519 2286 έσαν,
550 2211 578 2268 in
609 2209 785 2271 Raruesiaua
814 2212 843 2269 in
875 2203 948 2274 ἴσον.
997 2209 1038 2272 V.
1061 2210 1193 2272 Pierson.
1218 2195 1254 2273 ad

148 2294 244 2355 Moer.
268 2315 297 2374 p.
322 2294 394 2358 174.

231 2394 303 2456 236.
347 2393 439 2452 Recte
477 2388 635 2490 repudiavit
667 2391 807 2452 Matthiae
842 2392 987 2472 probatam
1026 2393 1190 2455 Gaisiordic
1219 2393 1255 2456 ad

151 2477 307 2558 Hephaest.
332 2497 361 2558 p.
380 2475 452 2539 242.
477 2476 667 2534 coniecturam
689 2473 849 2553 Musgravii
869 2475 1051 2558 ἐξεφροῦντο.

232 2575 303 2638 237.
347 2572 423 2635 Edd.
447 2585 516 2635 vett.
540 2564 614 2662 κᾷτα
629 2570 680 2636 τὸν
696 2559 854 2654 ὀφθαλμὸν
870 2573 964 2653 μέσον.
1006 2575 1175 2636 ACantero
1192 2577 1256 2638 ilia-

150 2669 208 2720 tum
218 2653 300 2726 κατὰ
311 2653 371 2721 τὸν
392 2651 549 2764 ὀφθαλμὸν
561 2636 665 2762 μέσον.
706 2658 767 2720 vix
787 2659 922 2718 credibile
945 2667 998 2732 est,
1022 2681 1078 2719 non
1100 2659 1182 2719 modo
1199 2683 1256 2722 nou

149 2742 253 2804 vidisse
275 2753 318 2803 tot
332 2743 453 2801 criticos
476 2737 609 2822 ὀμφαλὸν
625 2743 777 2842 scripsisse
799 2741 984 2823 Euripidem,
1009 2742 1059 2802 sed
1080 2763 1115 2802 ue
1137 2747 1257 2804 mentio·

150 2846 214 2886 uem
237 2824 347 2906 quidem
369 2827 472 2886 fecisse
493 2827 591 2885 Sentio
572 2825 644 2905 geri,
669 2847 750 2931 quem
771 2827 862 2887 uirum
879 2825 907 2887 id
924 2849 979 2886 nan
998 2825 1089 2899 latuit,
1114 2839 1256 2888 errantem

149 2919 243 2969 tamen
271 2927 322 2982 eo,
355 2905 490 2990 quod'
456 2933 511 2983 νας
537 2905 589 2972 τὸν
618 2871 752 2990 ὀμφαλὸν
782 2908 870 2991 μέσον
896 2911 983 2970 scribi
1009 2872 1133 2970 iubebat.
1179 2912 1256 2988 Quin

149 2991 289 3054 Matthiae
310 2993 393 3051 etiam
416 2993 572 3072 argutando
597 3014 711 3098 operam
732 2994 870 3100 perdidit,
900 3015 984 3098 quum
1005 2995 1134 3054 mirabile
1156 2993 1258 3056 discri-

151 3097 214 3136 men
241 3077 414 3154 exeogitavit
439 3079 514 3136 iuter
539 3071 613 3140 πατδι
635 3073 778 3155 μέσον
749 3100 801 3139 του
830 3073 989 3157 ὀφθαλμὸν
1010 3089 1040 3138 et
1060 3073 1133 3140 κατὰ
1154 3102 1205 3142 τον
1226 3076 1256 3144 d
1298 3113 1304 3130 .

151 3154 291 3240 φθαλμδν
312 3157 406 3238 μέσον.

180 3260 305 3322 238.
349 3257 430 3317 Libri
453 3252 668 3337 zapparenae,
692 3255 766 3336 quod
787 3267 902 3316 auctore
923 3256 1054 3338 Dupnrto
1075 3271 1211 3321 mutatum
1227 3263 1256 3321 iu

151 3337 353 3422 ἕξαμησισθαι.
395 3340 601 3460 Aristopbapes
623 3341 745 3421 Lysistr.
769 3342 842 3403 367

271 3435 421 3526 βρύαουσα
441 3457 495 3502 σου
515 3435 584 3512 τοὺς
604 3435 767 3520 πλεύμονας
786 3437 837 3502 καὶ
856 3433 956 3523 advrap
960 3434 1132 3522 ’ἔξαμῆσοι

232 3543 306 3606 239.
350 3535 656 3645 marimanam,
687 3537 1257 3646 quodverbumCasaubouusineptum

151 3624 296 3699 iudicans,
328 3625 417 3685 scribi
443 3624 557 3684 volebat
589 3618 788 3706 daodpdrpew,
818 3624 991 3686 Rubukeuio
1021 3638 1113 3685 autem
1141 3638 1258 3686 auctore

152 3709 180 3768 in
202 3709 296 3788 Epist.
329 3711 394 3769 crit.
421 3710 460 3768 ll.
485 3731 513 3789 p.
521 3709 603 3773 208.
627 3709 801 3769 recentiores
823 3706 976 3769 editores'
968 3732 996 3769 ιιι
1019 3705 1108 3770 ἆπολέ
1109 3721 1177 3786 ψειν
1198 3729 1260 3766 mu-

151 3801 258 3850 tarunt.
300 3793 372 3852 Tam
400 3794 487 3852 variis
516 3792 606 3852 modis
631 3793 700 3851 talia
721 3792 777 3851 dici
800 3793 908 3867 solent,
935 3804 968 3851 ut
988 3813 1042 3872 ego
1066 3790 1179 3873 quidem
1202 3812 1259 3850 nou

153 3871 313 3933 mutandam
336 3878 493 3936 censuerim
517 3878 684 3956 scripturam
707 3875 854 3934 librorum.

235 3973 308 4037 246.
352 3975 427 4036 Edd.
452 3984 521 4035 vett
542 3969 578 4035 τὰ
599 3970 695 4037 διέλια.
738 3973 818 4033 Vict.
840 3971 930 4032 Barn.
962 3965 997 4032 τδι
1022 3966 1132 4033 ’δόλια
1177 3970 1260 4032 Seid·
1337 4059 1340 4070 1
1457 4014 1481 4074 ‚'

120 4077 125 4085 ·
154 4055 208 4114 leri
228 4057 336 4116 monitu
358 4057 393 4118 ad
414 4060 507 4138 lpbig.
530 4056 567 4115 T.
590 4059 662 4137 335.
686 4050 820 4118 θᾶδοέλια
840 4057 985 4135 scriptum.

236 4154 309 4217 242.
353 4156 434 4215 Libri
461 4151 622 4234 ἢπυλῶνα
642 4155 822 4233 καταβαλεῖν
864 4155 1052 4214 Rubulrenius
1073 4155 1167 4236 Epist.
1192 4157 1258 4215 crit.

152 4233 379 4384 blandam„
359 4261 378 4318 η
397 4234 564 4317 ’ςμυλοῖνα
583 4239 771 4317 καταβαλεῖν,
793 4233 909 4318 quodid
932 4238 973 4311 εἰς
995 4238 1163 4319 scripsitL.
1187 4238 1261 4300 Diu·

235 4421 309 4486 243.
354 4418 469 4499 erod
461 4441 490 4480 m
511 4419 590 4480 libris
610 4432 654 4480 est
670 4374 779 4484 cdxciv
793 4420 964 4482 Matthiae
956 4444 984 4482 ιιι
1001 4417 1111 4490 οὔκουν
1130 4424 1258 4484 mutavit.

157 4503 213 4566 Sed
237 4505 312 4589 quod
333 4506 406 4567 idem
429 4504 563 4588 putabat,
587 4504 711 4580 κοπίδας
731 4505 871 4589 μαχαίρας
891 4507 1009 4587 figuram
1029 4527 1108 4580 esse,
1133 4527 1204 4589 quae
1228 4505 1261 4572 ἐκ
