3028 5136
836 341 886 416 86

306 517 346 590 ἔκ
366 516 415 590 τ*
429 519 571 595 ἔλειπον
597 523 722 604 οἴκους

215 639 399 738 101οπρὸς
422 643 534 719 ἄλλον
558 641 745 744 εὐνότορ’·
779 641 864 741 οὐχὶ
888 648 945 722 σοὶ
969 645 1070 748 μόνᾳ

303 760 508 863 δόςφρονες
530 769 727 857 ἐπέπεσον,
755 769 801 844 οὐ
826 770 984 867 φίλοισι,
1009 781 1141 849 λῦπαι·

303 885 419 964 νόσον
438 890 564 974 Ἑλλὰς
588 895 693 982 ἔτλα,
720 890 852 970 νόσον·
1227 973 1229 976 ,

304 1011 413 1112 διέβα
439 1014 480 1091 δὲ
506 1020 675 1120 Φρυγῶν
707 1042 799 1117 σφιν
824 1017 916 1117 πρὸς
940 1019 1151 1121 εὖκόρπους
1174 1019 1271 1128 γύας

305 1137 466 1233 σκηπτὸς
491 1139 714 1218 σταλάσσων
733 1139 802 1219 τὸν
816 1142 925 1243 Ἅιδᾳ
951 1143 1081 1245 φόνον.

725 1352 904 1426 ΠΗΛΕ
916 1355 997 1427 ΥΣ.

206 1473 521 1573 ΙΙλθλδψθιιότιδες
542 1487 734 1591 γυναῖκες,
758 1483 970 1583 ἱστοροῦντό
989 1513 1055 1581 μοι

305 1599 508 1700 σημήνατ’·
534 1603 712 1705 ᾐσθόμην
734 1608 808 1712 γὰρ
836 1611 881 1684 οὐ
907 1617 1011 1709 σαφῆ
1036 1605 1149 1712 λόγον

304 1725 356 1810 ῶς
379 1725 529 1827 δώματ’
555 1733 756 1809 ἐκλιποῦσα
782 1732 954 1808 Μενέλεω
980 1730 1073 1833 κόρη

304 1847 454 1949 φρούδη
478 1849 586 1928 τόδ’·
621 1855 702 1950 ἥκω
721 1855 763 1931 δ’
790 1859 973 1953 ἐκμαθεῖν
999 1858 1169 1956 σπουδὴν
1194 1863 1292 1960 ἔχων

304 1979 337 2048 ελ
359 1976 470 2050 ταῦτ’
493 1977 636 2074 ἀληθῆ·
680 1989 760 2057 τῶν
783 1979 858 2084 γὰρ
885 1977 1059 2079 ἐκδήμων
1084 1983 1206 2082 φίλων

215 2103 297 2167 1020
306 2095 366 2172 δεῖ
387 2096 475 2184 τοὺς
499 2103 586 2176 κατ’
609 2101 715 2180 οἷκον
740 2105 852 2190 ὄντας
877 2109 1046 2182 ἐκπονεῖν
1069 2105 1196 2204 τύχας.

748 2317 794 2388 Χ
799 2315 973 2390 ΟΡΟΣ.

305 2439 453 2532 Πηλεῦ,
480 2449 611 2543 σαφῶς
632 2445 809 2548 ἤκουσας·
846 2447 932 2524 οὐδ’
960 2447 1042 2545 ἐμοὶ
1066 2445 1184 2524 καλὸν
1254 2457 1256 2462 ’

303 2558 483 2661 κρύπτειν
510 2569 551 2643 ἐν
575 2567 697 2670 οῖςπερ
717 2569 813 2649 οὖσα
837 2568 1014 2675 τυγχάνω
1039 2579 1190 2656 κακοῖς·

302 2687 475 2782 βασίλεια
497 2690 571 2794 γὰρ
589 2695 712 2771 τῶνδ’
743 2701 881 2792 οἴχεται
904 2695 1030 2800 φυγὰς
1055 2695 1198 2797 δόμων.

734 2895 779 2966 Π
788 2899 833 2969 Η
833 2895 873 2967 Λ
881 2901 914 2968 Ε
925 2901 1006 2972 ΥΣ.

305 3013 407 3101 τίνος
430 3017 558 3119 φόβου
582 3035 766 3125 τυχοῦσα,
790 3026 1007 3129 διαπόραινέ
1031 3059 1107 3128 μοι.

301 3220 579 3248 Ἢ

302 3371 415 3440 ἔλειπον
436 3379 538 3456 οἴκους
557 3379 631 3466 πρός
651 3381 738 3450 ἄλλον
759 3383 909 3471 εὖνότορα.
952 3391 1034 3465 Quae
1056 3389 1187 3471 quoniam
1210 3389 1245 3449 de
1268 3391 1336 3450 solis
1358 3389 1416 3450 dici

303 3469 456 3538 potuerunt
482 3467 601 3545 captivis
614 3465 757 3531 ¹uxoribus
777 3473 984 3547 Troianorum,
1013 3472 1166 3534 ostendunt
1186 3493 1242 3531 non
1264 3491 1326 3532 esse
1348 3479 1417 3536 πολ-

302 3537 351 3600 λαὶ
370 3538 515 3608 Ἑλλάνων
532 3551 746 3632 coniungenda,
771 3556 845 3636 quod
867 3558 968 3616 recisse
985 3555 1098 3616 videtur
1110 3556 1267 3628 Matthiae,
1294 3577 1349 3616 non
1367 3577 1417 3616 co-

302 3624 396 3700 gitans
418 3626 447 3685 id
467 3624 642 3696 Ἑλλανίδαν
663 3638 769 3697 rectius
793 3638 866 3712 diei,
890 3638 940 3698 sed
962 3634 1008 3700 ἄν’
1029 3634 1174 3702 Ἑλλάνων
1190 3634 1326 3722 ἀγόρους,
1349 3659 1417 3700 σοο-

302 3716 403 3786 tusque
424 3709 545 3792 inatttgi
568 3716 759 3793 Graecorum,
784 3723 813 3781 in
838 3723 939 3801 quihus
962 3725 1089 3802 captivae
1111 3731 1256 3781 matronae
1273 3743 1329 3780 non
1345 3741 1415 3803 prae

302 3787 400 3850 dolore
429 3794 458 3852 ia
479 3798 622 3876 publicum
643 3816 860 3883 procurrentes,
893 3816 925 3864 ut
944 3802 979 3864 de
1000 3806 1102 3886 quibus
1122 3805 1273 3885 Lycurgus
1292 3804 1364 3864 dixit
1385 3807 1414 3864 in

301 3885 374 3934 orat.
391 3875 533 3941 inLeocr.
553 3885 580 3962 ἓ.
591 3885 644 3948 40.
663 3885 713 3946 sed
728 3900 844 3947 coactae
858 3886 1035 3948 adstiterint:
1056 3910 1083 3948 v.
1094 3887 1180 3966 Virg.
1196 3887 1274 3948 Aen.
1285 3889 1325 3946 11.
1336 3889 1410 3952 706.

384 3993 476 4058 1000.
521 3998 603 4059 Libri
624 3999 657 4062 ἔκ
678 3997 705 4062 δ’
729 4001 843 4066 ἔλειπον
864 4015 892 4066 et
909 4002 942 4068 ἐκ
957 4000 985 4067 δ’
1004 4003 1111 4068 ἔλιπον.
1154 4003 1317 4064 Brunckius
1335 4015 1414 4064 recte

300 4069 334 4134 ἔνι
348 4068 376 4136 τ’
394 4074 515 4142 ἔλειπον.
558 4080 601 4144 A}
617 4083 711 4143 Ιοοιιοι
727 4086 856 4160 haberet,
881 4090 905 4147 si
923 4088 1066 4167 tegeretur
1081 4088 1113 4148 αἳ
1128 4081 1155 4148 δ’
1175 4086 1288 4150 ἔλειπον
1303 4086 1413 4160 οἴκους.

384 4193 477 4256 1013.
522 4198 602 4258 Flor.
631 4200 681 4263 10.
709 4203 760 4266 15.
799 4203 882 4284 διέβα
908 4201 940 4265 δὲ
976 4203 1026 4265 καὶ
1066 4205 1201 4285 Φρυγῶν.
1253 4203 1302 4262 Sic
1327 4204 1414 4262 011001

300 4269 380 4332 Flor.
419 4273 459 4336 Α.
497 4280 551 4338 nisi
589 4281 664 4362 quod
693 4283 827 4364 διέβαλον
864 4287 959 4346 habet.
1026 4285 1141 4346 (laeteri
1171 4285 1254 4346 codd.
1286 4296 1316 4344 θλ
1344 4285 1412 4345 000·

299 4352 382 4433 διέβα
411 4356 443 4419 δὲ
471 4363 597 4444 Φρυγῶν
626 4364 675 4426 καλ
702 4364 777 4449 πρὸς
805 4365 970 4450 εὖκόρπους
988 4365 1081 4452 γύας,
1111 4389 1183 4449 ‘1⁰³⁰
1213 4371 1307 4447 109010
1336 4366 1415 4428 ἔλθω

298 4453 361 4496 esse
382 4451 476 4517 patet,
508 4465 591 4523 quum
614 4459 712 4525 aperte
741 4449 776 4510 de
798 4452 938 4512 Graeciae
963 4454 1069 4532 campis
1099 4473 1192 4512 sermo
1221 4452 1268 4510 sit.
1314 4451 1414 4525 Quare

298 4521 489 4599 reponendum
527 4527 580 4588 ruia
610 4528 693 4609 διέβα
727 4530 759 4594 δὲ
792 4535 919 4616 Φρυγῶν
946 4551 1018 4616 σφιν
1046 4530 1121 4617 πρὸς
1148 4529 1313 4615 αὐτάρκους
1337 4530 1415 4617 101αέ
