3032 5132
628 331 702 406 145

559 535 601 604 K
601 531 770 610 ΡΕΩΝ.

104 677 241 750 οἴκτων
264 673 337 772 μίν
359 676 430 776 ήδη
456 676 602 782 λήγεθ’,
629 684 680 770 οῖς
703 685 794 786 ὥρα·
808 684 932 788 τάφου
977 779 982 790 Ι
1218 757 1222 763 .

103 795 256 900 μνήμην
280 801 479 880 τίθεσθαι·
505 808 625 885 ταῖνδε
650 810 704 901 δ’,
734 811 906 904 Οἰδίπου,
932 814 1054 920 λόγων
1171 858 1173 862 ’
1242 861 1244 870 ε

103 927 285 1004 ἄκουσον·
313 930 431 1028 ἀρχὰς
453 932 559 1032 τήςδε
583 945 652 1039 γῆς
674 937 793 1014 ἔδωκε’
811 967 877 1037 μοι

95 1054 299 1154 Ἐτεοκλέης
324 1056 388 1142 σδς
411 1064 509 1149 ιιοιῖς,
532 1058 669 1163 γοίμων
693 1043 833 1165 φερνδς
856 1066 985 1154 διδοὺς

103 1183 256 1277 Αἵμονι,
280 1178 391 1281 κόρης
415 1213 454 1259 τε
479 1185 630 1287 λέκτρον
647 1188 860 1294 Ἀντιγόνης
885 1194 1007 1273 σέθεν.

29 1323 35 1336 ’
104 1306 245 1382 οὔκουν
269 1309 304 1382 σ’
323 1305 433 1388 ,ἐείσω
457 1309 567 1410 τήνδε
591 1324 664 1418 γῆν
688 1323 802 1394 οἰκεῖν
826 1321 896 1394 ἔτι·

103 1440 236 1530 σαφῶς
258 1432 332 1536 γὰρ
357 1434 433 1512 εἰπε
461 1441 645 1538 Τειρεσίας
668 1444 713 1519 οὐ
737 1441 790 1541 μή
814 1474 903 1522 ποτε.

103 1563 174 1633 σοῦ
198 1556 311 1658 τήνδε
334 1570 407 1664 γῆν
431 1569 621 1650 οἰκοῦντος
645 1563 687 1644 εὖ
711 1567 864 1668 πράξειν
887 1570 1006 1652 πόλιν.

103 1685 185 1759 ἀλλ’
213 1687 419 1783 ἐκκομίζου.
444 1690 508 1765 καῖ
532 1688 617 1767 void⁰
648 1694 718 1790 οὐχ
742 1695 851 1795 ὕβρει
876 1698 982 1802 λέγω,

102 1810 188 1888 οὐδ’
217 1813 354 1914 ἐχθρὸς
379 1816 434 1890 οῖν
459 1840 530 1906 σοι,
557 1817 621 1893 διδι
647 1819 688 1896 δὲ
713 1821 800 1906 τοὺς
825 1803 1033 1927 οῖλοίοτορας

101 1937 190 2023 τοὺς
214 1939 302 2026 σοὺς
326 1940 503 2028 δεδοικὼς
525 1941 578 2042 μή
603 1975 639 2021 τι
661 1955 709 2051 μή
735 1945 842 2048 πείθῃ
866 1950 994 2034 κακόν.

503 2153 604 2224 ΟΙΔ
611 2155 723 2228 1Πο
737 2159 817 2226 ΥΣ.

107 2286 139 2366 oi
165 2291 287 2390 μοῖρ’,
314 2296 379 2370 ἀπ’
409 2291 523 2395 ἀρχῆς
540 2299 599 2384 ’ὥς
623 2303 664 2398 μ’
694 2304 836 2402 ἔφυσας
861 2307 1018 2395 ἄθλιον,

106 2419 152 2494 ὃν
177 2420 240 2495 καὶ
264 2422 354 2522 πρὶν
379 2429 429 2508 εἰς
455 2432 536 2524 φῶς
559 2427 698 2527 μητρὸς
723 2433 763 2505 ἐκ
787 2440 900 2533 μονῆς
919 2437 1066 2530 μολεῖν,
1140 2464 1142 2472 ·

105 2555 246 2658 ἄγονον
263 2556 452 2636 Ἀπόλλων
476 2555 588 2652 Λαίῳ
613 2554 655 2651 μ’
684 2547 880 2633 ἐθέσπισεν

98 2813 351 2826 -ιᾲ-ὠμ

189 2950 280 3016 1599.
310 2954 379 3014 Eoo.
404 2963 466 3014 vett.
494 2948 548 3026 σὸς
575 2958 655 3026 ταῖς.
698 2953 782 3014 codd.
803 2957 875 3025 ιιαῒς
901 2946 972 3034 σός,
1001 2955 1069 3033 quod
1091 2975 1137 3016 our
1158 2957 1218 3018 vo-

102 3037 224 3096 cirenario
256 3047 360 3097 auctore
388 3047 518 3115 receptum
545 3045 588 3109 sit,
616 3060 668 3097 oon
693 3040 821 3114 intelligo.
864 3039 909 3097 Sio
937 3045 1005 3099 enim
1033 3044 1082 3100 sub
1102 3047 1156 3100 ictu
1178 3050 1220 3102 est

101 3117 166 3192 σός,
188 3126 264 3196 quasi
285 3121 329 3179 hio
349 3121 455 3198 Oedipi,
476 3143 528 3180 noo
549 3124 617 3178 alius
639 3122 721 3178 filium
741 3139 799 3176 esse
821 3122 951 3182 Ειεοοίειιι
973 3124 1107 3182 dicendum
1131 3129 1218 3184 fuerit.

189 3201 281 3262 1605.
303 3202 370 3263 Ειί.ιΙ
328 3204 453 3262 d.veti
475 3204 548 3262 ἰδίω.
571 3205 599 3264 2.
621 3205 706 3261 Paris.
727 3201 762 3262 A.
783 3205 852 3262 Viot.
874 3207 942 3264 Veri.
964 3210 1004 3266 ab.
1027 3201 1088 3278 σός.
1133 3209 1220 3268 Ceteri

104 3289 179 3349 codd.
201 3310 261 3349 σοι.

190 3373 282 3434 1607.
303 3374 369 3431 Post
389 3371 459 3430 huno
478 3392 580 3430 versum
603 3374 630 3428 in
650 3371 707 3427 iib'
672 3373 723 3427 bns
744 3371 840 3448 legitor
857 3369 916 3429 hiet

256 3456 307 3518 καὶ
328 3448 471 3536 τλήμον’,
493 3451 523 3516 εῖ
538 3477 583 3528 τις
605 3450 698 3525 ἄλλος
718 3449 933 3534 ἀνθρώπων”
913 3477 982 3538 epo.

102 3545 301 3614 Valckenarius,
323 3548 364 3601 oui
385 3543 526 3602 insolenter
547 3535 701 3602 additum¹
683 3561 747 3642 epo
764 3541 876 3600 offensui
897 3553 960 3612 erat,
982 3545 1144 3604 scribonium
1161 3568 1217 3608 oen·

102 3633 157 3688 suit
183 3617 208 3688 ὦ
234 3629 365 3704 τλῆμον,
395 3622 426 3687 εἰ
445 3648 492 3700 τις
519 3619 612 3698 ἄλλος
638 3619 856 3704 οινθρώιιιιιν”
837 3648 905 3708 opo.
948 3629 1045 3688 Nesoio
1068 3652 1117 3706 quo
1141 3634 1216 3690 modo

100 3714 147 3773 ille
172 3715 352 3792 religiosior
344 3735 372 3773 ιιι
393 3715 516 3772 extremis
536 3713 690 3772 Phoenissis
712 3714 796 3771 focius
818 3717 946 3791 corrigere
967 3719 1080 3790 ineptum
1103 3735 1217 3792 versum,

102 3817 179 3873 quam
205 3807 287 3858 iotum
315 3800 395 3857 soioio
422 3803 476 3869 isti,
505 3818 591 3874 aquo
619 3795 669 3856 καί
690 3817 737 3873 pro
768 3818 793 3856 ιο
820 3801 933 3872 positum
960 3801 1079 3874 putabat,
1106 3801 1217 3857 tribuere

102 3883 229 3954 maluerit,
248 3888 399 3960 praesertim
421 3903 499 3960 quum
522 3903 555 3940 ne
576 3886 700 3941 correctio
722 3881 823 3956 quidem
846 3885 897 3938 isia
919 3883 1059 3950 meliorem,
1068 3881 1128 3940 sed
1147 3887 1217 3960 peio·

100 3985 154 4024 rem
183 3969 263 4028 faciat
287 3972 429 4026 orationem
453 3967 563 4069 Oedipi.
598 3967 677 4024 Recte
699 3964 764 4022 dixit
786 3963 914 4022 Maithioe
932 3968 1074 4068 legitimam
1095 3966 1217 4042 loquendi

100 4053 227 4109 rationem
248 4051 344 4109 fuisse·
366 4049 416 4108 καλ
437 4042 576 4127 τλήμον’,
609 4045 640 4108 εί
655 4043 713 4107 τιν’
737 4040 831 4106 ‹iii-ov
851 4042 1026 4150 ἀνθρώπων
1047 4046 1128 4110 ποτέ.
1172 4052 1217 4110 Sic

100 4133 202 4234 quidem
224 4141 336 4238 scriptus
357 4138 419 4192 ferri
440 4143 525 4212 potest
545 4151 645 4191 versus.
678 4134 776 4190 Posset
795 4136 881 4202 etiem,
902 4139 926 4191 si
947 4138 986 4193 sio
1007 4138 1120 4212 scriptus
1131 4145 1215 4195 esset

99 4211 224 4296 τλήμων
251 4213 319 4299 γάρ,
347 4213 377 4278 εί
398 4239 443 4290 τις
469 4213 562 4288 σίλλος
589 4209 810 4296 ἀνθρώπων,’
799 4213 886 4298 ἔφυν.
936 4219 973 4278 Ut
999 4237 1059 4278 vero
1087 4223 1115 4278 in
1142 4221 1214 4279 libris

100 4309 215 4382 scriptus
242 4305 350 4383 legitur,
382 4325 434 4362 non
464 4312 528 4380 puto
555 4306 585 4360 ab
615 4303 740 4380 Euripide
767 4311 792 4361 et
814 4322 846 4360 ne
868 4305 899 4360 ab
921 4303 1090 4363 histrionibus
1112 4306 1213 4381 quidem

99 4391 242 4469 profectum
267 4409 334 4448 esse.
376 4389 518 4466 Propterea
538 4391 609 4458 eieci,
620 4385 771 4492 quodiam
795 4385 926 4463 Apitziurn
948 4391 1044 4446 fecisse
1064 4389 1150 4448 video.

188 4473 278 4536 1608.
307 4475 440 4533 Omissum
468 4481 509 4532 est
531 4467 647 4578 μητρὸς
674 4476 702 4530 in
729 4473 751 4530 1.
778 4473 852 4533 Flor.
885 4471 934 4532 21.
957 4473 1007 4534 33.
1028 4480 1055 4531 et
1076 4475 1150 4534 Cant.
1173 4476 1213 4537 M.

99 4565 144 4636 qui
166 4561 245 4620 duo'
239 4581 265 4618 ιιι
286 4561 337 4618 fine
358 4579 449 4618 versus
471 4553 607 4618 addunt''
589 4579 641 4620 ιτι.

144 4648 314 4706 Εσιιιοιοιε
335 4650 511 4707 Phoenissae.
970 4639 1011 4706 10
