3026 5134
798 268 846 340 12

261 471 416 540 sutoriae
441 462 478 538 δ’
502 459 692 560 Ἰοκάστην
716 493 763 560 με
770 521 783 562 ,
809 473 920 540 τοῦτο
945 465 1019 568 γὰρ
1045 468 1167 569 πατὴρ

261 591 383 679 ἔθετο,
409 594 523 691 γαμεῖ
547 586 587 664 δὲ
613 585 734 674 Λοίϊός
758 592 818 687 μ’·
846 589 924 666 ε’πεί
949 590 988 666 δ’
1020 594 1131 678 ἄπαις

259 711 320 812 ἦν,
343 711 478 813 χρόνια
504 714 636 812 λέκτρα
660 716 743 813 τᾶμ’
774 719 870 812 έχων
896 719 938 792 ἐν
963 715 1148 819 δῶμασιν,

86 870 102 951 ⁸j
210 840 387 917 Ιῑιὲλθῶν
412 844 532 940 ἐρωτᾷ
559 842 720 937 Φοῖβον,
746 844 879 926 ἐξαιτεῖ
901 843 946 914 δ’
976 843 1056 939 ἅμα

259 965 409 1043 παίδων
434 969 471 1050 ἐς
497 970 620 1050 οἴκους
645 967 814 1065 ἀρσένων
838 946 1051 1045 κοινωνίαν.

259 1091 286 1184 δΔ
306 1091 345 1166 δ’
376 1090 487 1181 εἶπεν,
515 1085 756 1188 ῶιΘήβαισιν
781 1091 946 1177 εὐίπποις
971 1096 1079 1183 ἄναξ,

257 1216 310 1314 μὴ
336 1222 459 1315 σπεῖρε
484 1217 626 1294 τέκνων
649 1219 766 1294 ἄλοκα
792 1218 987 1315 δαιμόνων
1010 1219 1091 1319 βίρι.

258 1346 289 1416 si
313 1342 387 1445 μὰρ
412 1340 605 1426 τεκνώσεις
629 1343 752 1434 παῖδ’,
779 1345 972 1421 ἀποκτενεῖ
996 1344 1025 1420 o’
1056 1343 1075 1419 ὃ
1101 1342 1186 1446 φύς,

204 1467 320 1547 κοκαὶ
344 1476 416 1552 πᾶς
441 1468 505 1554 σὸς
528 1469 627 1553 οἶκος
649 1468 804 1569 βήσεται
830 1470 881 1545 δι’
913 1471 1078 1566 αἵματος.

168 1679 170 1685 s
258 1595 290 1690 ‘t
305 1593 343 1669 δ
372 1593 491 1692 ἡδονῇ
518 1595 609 1680 δοὺς
633 1597 670 1680 ές
694 1625 733 1670 τε
757 1598 935 1694 βακχεῖον
960 1595 1084 1673 πισῶν

254 1722 419 1821 ἔσπειρεν
444 1721 536 1818 ἡμῖν
560 1721 691 1810 παῖδα,
716 1721 781 1796 καὶ
807 1720 958 1821 σπείρας
979 1722 1132 1822 βρέφος,

176 1862 179 1868 ’
253 1847 368 1949 γνοὺς
393 1845 646 1944 τάμπλάκημα
671 1856 739 1922 τοῦ
765 1851 860 1923 θεοῦ
885 1877 924 1922 τε
949 1847 1018 1948 τὴν
1042 1845 1172 1948 φάτιν,
1251 1872 1253 1878 ’

254 1974 409 2068 λειμῶν’
440 1977 476 2056 ἐς
489 1970 611 2072 Ἥρας
634 1972 699 2048 καὶ
723 1977 964 2071 Κιθαιρῶνος
989 1974 1098 2060 λέπας

202 2091 243 2179 25
256 2098 391 2175 δίδωσι
415 2097 655 2199 βουκόλοισιν
677 2102 844 2177 ἐκθεῖναι
856 2101 1010 2199 βρέφος,

254 2235 414 2326 σφυρῶν
439 2225 574 2327 σιδηρᾶ
599 2226 733 2326 κέντρα
759 2225 951 2327 διαπείρας
965 2227 1114 2328 μέσων,

338 2432 388 2492 12.
411 2432 498 2498 οαιιι
525 2433 661 2490 Porsouus
687 2440 757 2491 recte
787 2431 905 2510 supplere
926 2433 1037 2491 Bosiuru
1058 2425 1156 2505 ὄνομα
1178 2431 1295 2503 elisisset,
1317 2455 1373 2509 per·
1489 2435 1505 2530 ρ

252 2517 483 2576 rnireSclraclerus
505 2517 648 2594 simplicius
669 2524 751 2594 repeti
770 2519 872 2576 καλεῖν
893 2521 1060 2594 opinabatur,
1081 2521 1157 2594 qussi
1178 2539 1231 2576 non
1252 2521 1291 2576 sic
1312 2537 1375 2594 quo·
1504 2535 1505 2542 ¹

252 2623 308 2680 que,
331 2606 355 2658 si
376 2601 489 2660 additum
512 2611 583 2660 esset
603 2603 714 2674 καλεΐν,
736 2604 850 2680 suppleri
871 2603 974 2660 deberet
995 2595 1103 2677 ὄνομα.

289 2711 292 2718 ι
338 2685 388 2745 16.
411 2687 520 2762 Aliquot
541 2686 615 2745 codd.
636 2683 757 2760 τέκνων,
779 2690 806 2744 in
828 2691 920 2764 quibus
940 2687 1013 2746 Flor.
1037 2685 1087 2744 33.

337 2769 387 2830 18.
410 2771 537 2850 Origenes
564 2779 654 2828 contre
682 2771 752 2852 Cels.
780 2771 816 2831 ΙΙ.
844 2793 869 2847 p.
892 2769 943 2830 73.
974 2781 1000 2828 et
1021 2771 1076 2830 Ms.
1094 2775 1126 2829 in
1148 2771 1244 2829 Museo
1265 2769 1373 2829 Helvet.

250 2857 286 2915 T.
307 2857 356 2915 IV.
377 2877 402 2932 p.
416 2853 465 2913 16.
488 2855 647 2913 Scholiastes
668 2855 702 2914 au
723 2856 749 2914 h.
780 2859 799 2916 l.
822 2864 848 2913 et
869 2854 956 2918 Schol.
977 2855 1055 2914 Piud.
1078 2855 1111 2914 acl
1133 2855 1176 2916 01.
1189 2857 1226 2914 11.
1239 2851 1290 2914 65.
1303 2851 1373 2914 nui·

250 2939 321 2998 δων.
365 2939 466 2996 Deinde
493 2939 628 2996 Maximus
655 2940 721 3012 Tyr.
742 2941 820 2998 XlX.
848 2935 877 2997 5.
901 2931 1055 3014 δαιμόνων
1076 2933 1157 3022 ἄτερ,
1179 2943 1223 3000 ubi
1244 2941 1372 3000 Davisius

249 3045 282 3084 cx
304 3024 361 3084 ood-
382 3024 459 3084 Hnrl.
482 3017 636 3098 δαιμόνων
654 3023 718 3109 βίη,
741 3045 798 3083 curu
820 3025 894 3082 libris
914 3023 1057 3101 Euripidis.

194 3107 197 3111 ’
335 3107 384 3166 19.
407 3108 542 3166 Maximus
564 3109 630 3182 Tyr.
651 3111 671 3170 1.
693 3130 716 3168 c.
739 3108 765 3172 εἰ
784 3100 843 3190 γάρ
866 3101 1034 3190 φυτεύσεις,
1055 3112 1101 3169 ubi
1115 3109 1241 3170 Davisius
1255 3130 1287 3167 ex
1300 3109 1371 3168 Mss.

246 3185 285 3270 ἢν
304 3189 363 3272 γὰρ
386 3185 549 3274 φυτεύσῃς.

332 3277 384 3336 20.
405 3278 531 3355 Origenes
551 3278 569 3336 1.
593 3299 615 3336 c.
637 3273 682 3336 δι’
704 3269 853 3353 αἱμάτων.

332 3360 384 3421 26.
410 3363 497 3442 Vulgo
532 3363 660 3442 σφυρῶν
692 3360 804 3441 σιδηρᾶ
837 3357 947 3439 κέντρα
981 3359 1140 3440 διαπείρας
1163 3359 1270 3440 μέσον,
1298 3366 1368 3439 quod

247 3443 376 3510 Matthiae
398 3467 476 3521 quuru
500 3445 628 3518 defendit,
649 3447 778 3526 σφυρῶν
796 3441 892 3522 μέσον
912 3467 957 3524 pro
978 3441 1060 3521 μέσα
1081 3441 1186 3528 σφυρὰ
1209 3447 1305 3506 dictum
1321 3469 1369 3526 pu·

247 3539 314 3600 uns,
341 3541 371 3588 ut
392 3532 452 3588 alibi
483 3523 611 3610 λαγόνος
632 3527 664 3602 ἒς
683 3526 778 3606 μέσον
800 3539 826 3588 et
845 3528 948 3609 κλίνης
969 3529 1001 3592 έν
1020 3527 1121 3614 μέσῳ,
1149 3534 1234 3590 falsus
1255 3530 1368 3592 ridetur.

246 3614 423 3673 Durissiuruur
444 3619 514 3674 euim
535 3614 669 3690 estquod
691 3612 849 3692 διαπείρας
869 3611 979 3694 κέντρα
999 3611 1096 3694 μέσον
1122 3617 1251 3698 σφυρῶν
1273 3621 1313 3674 sic
1330 3617 1368 3674 di-

193 3739 197 3752 .
246 3708 421 3777 cumputat,
446 3709 476 3759 ut
497 3703 533 3757 sit
557 3695 667 3779 κέντρα
694 3699 799 3778 πείρας
822 3696 873 3760 διδι
893 3697 989 3778 μέσον
1009 3703 1146 3782 σφυρῶν,
1170 3706 1211 3760 cui
1231 3704 1368 3759 verborum

244 3788 431 3844 constructioni
452 3783 628 3842 detendendae
651 3785 749 3842 frustra
770 3785 889 3846 adhibuit
913 3807 939 3844 v.
963 3785 1055 3844 1400.
1077 3779 1195 3864 κνήμην
1214 3805 1247 3846 τε
1269 3780 1367 3844 διεπί-

247 3889 340 3945 ρασεν
355 3863 489 3948 Ἀργεῖον
511 3860 596 3945 δόρυ,
619 3879 644 3926 et
664 3888 689 3930 v.
713 3869 806 3930 1403.
833 3861 850 3929 ὅ
871 3861 990 3946 πρόσθε
1011 3869 1143 3948 τρωθείς
1163 3863 1274 3947 στέρνα
1295 3867 1368 3930 Πο-

246 3951 399 4024 λυνείκους
419 3951 475 4037 βίρ
496 3951 579 4029 διῆκε
601 3946 722 4032 λόγχην,
744 3975 794 4030 quo
815 3956 873 4012 loco
894 3954 1030 4012 Porsouus
1053 3947 1146 4037 λόγχη
1162 3958 1273 4032 scripsit,
1288 3973 1363 4030 quern

244 4041 277 4096 ob
296 4037 332 4096 ‘id
358 4058 450 4114 parum
477 4037 638 4097 considerate
665 4044 794 4114 vituperat
819 4038 956 4107 Matthiae,
978 4059 1130 4116 comparens
1150 4039 1216 4098 illud
1236 4039 1367 4106 Herodoti

244 4121 305 4192 Vll,
333 4121 384 4182 24.
413 4116 467 4181 τὸν
493 4119 609 4196 ίσθμόν
635 4119 692 4192 τδις
718 4117 788 4194 νέας
809 4111 968 4200 διειρύσαι,
990 4143 1037 4181 nec
1058 4123 1148 4184 videos
1170 4133 1294 4200 quantum
1315 4123 1366 4182 hoo

244 4208 276 4264 ab
303 4209 349 4266 illo
377 4207 487 4266 differat.
530 4208 628 4284 Recepi
653 4201 764 4282 μέσων,
786 4205 854 4282 quod
883 4209 914 4264 ab
936 4207 1045 4266 Reiskio
1067 4213 1210 4269 coniectum
1232 4208 1365 4268 confirma·

242 4295 280 4348 uit
301 4290 359 4350 cod.
382 4291 459 4350 Harl.
480 4295 643 4367 restituitque
663 4291 832 4369 Burgcssius.
875 4291 1034 4362 scholiastes
1055 4293 1165 4352 Homeri
1186 4291 1220 4350 ad
1233 4292 1308 4351 uiuo.
1327 4292 1363 4351 11.

242 4370 295 4432 45.
326 4395 405 4450 quum
433 4379 545 4452 scripsit,
573 4373 623 4433 uni
650 4369 834 4454 Εὐριπίδης,
856 4369 977 4458 σφυρόν
997 4375 1110 4453 σιδηρᾶ
1129 4371 1240 4456 κέντρα
1262 4369 1363 4448 είπιόν,

243 4454 276 4518 ἓν
297 4452 401 4528 ἄλλοις
422 4457 499 4536 φησί
517 4453 716 4536 χρυσοδέτοις
737 4454 887 4539 περόναις,
908 4483 962 4522 non
982 4461 1205 4534 animadverterat,
1217 4459 1364 4536 illudquorl

12 4548 159 4605 „strutio
243 4561 268 4599 v.
289 4538 362 4600 806.
389 4542 496 4618 legitur,
525 4541 557 4598 de
584 4542 670 4600 fibulis
685 4543 788 4602 ‘dictum
810 4566 884 4626 esse,
906 4550 1000 4625 quibus
1021 4549 1071 4605 sibi
1092 4547 1183 4605 oculos
1204 4549 1301 4605 eruerit
1312 4545 1363 4604 Oe·

528 4621 811 4636 *annuum
