2996 5136
282 537 302 578 ih
354 537 374 578 ih
425 539 445 579 hi
496 540 516 580 ih
568 543 587 584 ii
636 543 658 583 hh
709 546 729 586 ih
780 549 798 590 a

273 632 450 737 αὐγάζων
476 639 515 722 ἐξ
537 640 726 734 οὐρανίων

273 759 389 834 ἄλλον
411 767 551 857 μοῖραν
576 765 755 860 ἔκραινεν.

475 971 763 1071 ἅντιστρορὴ
797 975 841 1050 οί.

269 1119 464 1218 δρομαίων
485 1121 510 1196 d
514 1124 524 1149 ¹
552 1125 612 1200 iiia
635 1129 870 1226 πολυπλανή-

268 1273 346 1321 των
370 1245 494 1346 μάτηρ
520 1252 656 1326 ἔπαυσε
682 1251 821 1342 πόνων,

266 1367 463 1470 ματεύουᾶ
484 1373 654 1476 ,ἀπόρους

97 1716 149 1773 der·
169 1715 248 1773 citeri
269 1717 376 1783 Ιίυπει,
399 1710 425 1769 1.
445 1722 474 1773 l.
499 1722 529 1771 et
548 1693 690 1773 Vossiurri
705 1713 740 1772 ad
762 1713 848 1772 idern.
874 1715 901 1774 h.
927 1713 995 1777 Cer.
1015 1726 1087 1783 425.
1132 1722 1204 1787 vid,

96 1797 223 1856 Pausen.
241 1793 322 1857 vltt.
345 1805 397 1868 31,
413 1805 444 1855 2.

182 1908 276 1966 1336.
322 1899 443 1962 Ultimus
458 1901 651 1981 antistropbae
671 1921 782 1976 versus,
807 1923 887 1984 quern
910 1907 1023 1969 codices
1042 1923 1203 1986 servarunt,

95 2010 178 2070 quum
201 1989 231 2048 in
251 1983 316 2048 edd.
334 1983 461 2057 deesset,
484 1987 621 2064 integram
645 1989 697 2045 rati
720 1987 863 2067 atrophrm
886 2008 952 2051 esse
973 1995 1065 2053 critici
1084 2015 1139 2054 nee
1155 2015 1204 2074 po-

95 2083 211 2133 tuerunt
233 2091 288 2134 non
312 2069 340 2128 in
363 2067 561 2140 ca‘iaeidere‚
597 2087 669 2150 quae
691 2072 806 2130 minime
826 2086 944 2152 possent
963 2077 1086 2156 probari.
1138 2075 1203 2139 Pri·

95 2179 154 2216 mus
177 2157 261 2214 istum
284 2172 395 2213 versum
419 2154 466 2231 qui
489 2151 614 2212 restituit
634 2151 670 2212 L.
696 2151 881 2228 Dindorfius,
908 2175 990 2237 quum
1014 2146 1202 2224 rectc‘vidis·

94 2253 136 2300 set
163 2240 193 2298 in
219 2235 337 2318 stropha
357 2236 499 2295 excidisse
521 2237 708 2309 versiculum,
743 2238 847 2316 inquo
869 2237 903 2297 ad
928 2242 957 2314 ἐξ
981 2240 1132 2322 οὐρανίων
1151 2246 1201 2306 ad.

94 2323 180 2382 ditum
210 2330 291 2382 esset
318 2317 454 2399 ἑδράνων
482 2318 526 2377 vel
551 2317 644 2378 simile
671 2337 793 2391 nomen,
828 2331 922 2380 tamen
947 2325 976 2383 in
1004 2346 1039 2386 ae
1064 2339 1201 2406 apertea

93 2393 160 2468 'vero
182 2403 338 2476 aberravit,
362 2401 436 2485 quod
454 2420 565 2462 versum
588 2403 635 2482 qui
655 2403 800 2481 proximus
821 2414 886 2463 ante
909 2407 1032 2468 ultimum
1052 2422 1131 2469 essct
1151 2411 1200 2470 de·

93 2511 156 2552 csse
196 2495 293 2560 utana,
317 2483 357 2546 ibi
378 2486 494 2545 lacunae
517 2486 598 2563 signa
620 2486 726 2564 posuit.
770 2483 873 2567 Neque
894 2507 1020 2550 errorem
1042 2502 1091 2551 aut
1112 2494 1201 2553 freter

92 2587 139 2634 aut
165 2511 333 2651 dirigitis,
366 2587 399 2630 ae
426 2588 462 2628 ne
490 2567 632 2648 Berghius
660 2567 773 2646 quidem
799 2571 1007 2632 animadvertit.
1052 2573 1127 2634 Nam
1151 2579 1197 2655 qui

92 2656 198 2718 excidit
229 2673 348 2726 versus,
382 2670 436 2712 non
465 2651 554 2724 aiter,
584 2649 635 2711 sed
659 2652 760 2711 tertius
789 2671 806 2711 a
836 2654 892 2714 dre
914 2657 1046 2736 strophae
1068 2669 1123 2718 eat.
1169 2660 1198 2720 ir

91 2762 157 2801 vero
186 2739 265 2798 facili
292 2737 457 2800 coniectura
485 2736 596 2794 restitui
617 2745 729 2814 potest3
766 2751 821 2815 quc
843 2738 916 2798 iacto
938 2743 1033 2800 omnia
1054 2751 1119 2801 sunt
1140 2742 1198 2822 pia·

90 2845 223 2885 nrssrma:

341 2902 451 2983 θηροῖν
472 2899 522 2964 ’ὅτε
545 2901 664 2984 ζυγίους

340 2983 467 3070 ζευξάσᾳ
489 2989 550 3068 θεᾷ
572 2986 692 3059 σατίνας

339 3065 394 3132 τὰν
414 3067 625 3149 ἁρπασθεῖσαν
646 3069 777 3130 κυκλίων

339 3158 439 3234 χοροῑν
461 3151 536 3228 ἕξων
557 3153 733 3231 παρθενίων

339 3238 411 3318 μίτοι
431 3239 539 3316 κοῦραι
559 3230 753 3310 οίελίίποὸες,

338 3319 358 3382 ἃ
381 3319 436 3402 μὲν
458 3317 557 3396 τόξοις
571 3318 725 3398 Ἄρτεμις,
752 3317 774 3382 d
796 3317 821 3380 d’
875 3375 880 3383 .

338 3403 415 3488 ἔγχει
438 3397 588 3486 Γοργώπα
607 3400 772 3478 πίνοπίιος,

337 3483 597 3571 προῦξωρμοίυτο·
633 3482 711 3562 Ζευς
732 3485 758 3550 d'
779 3484 917 3571 ἑδράνων

335 3567 474 3656 αὐγάζων
496 3570 526 3647 ἐξ
546 3568 584 3635 oti
604 3571 698 3634 ανίων

336 3655 430 3720 ditae
450 3660 561 3738 μοῖραν
580 3596 725 3739 decutiat.

170 3785 263 3839 1337.
307 3779 405 3841 Libri:
438 3761 576 3860 αὐγάζων
603 3763 629 3841 d’
652 3777 683 3854 ίξ
704 3774 863 3856 ου’ρανίων.
908 3749 1011 3839 Facile
1030 3794 1146 3862 apparet
1168 3779 1194 3842 d’

86 3858 207 3920 additum
235 3880 319 3933 csse,
351 3874 381 3922 ut
407 3863 501 3941 aliquo
528 3860 610 3923 modo
632 3861 801 3924 cohaereret
827 3862 936 3936 oratio,
973 3874 1120 3943 postquem
1145 3867 1192 3943 qui

85 3943 274 4022 praecedebat
291 3965 391 4006 versus
412 3947 535 4006 omissus
555 3955 626 4006 eret.

169 4059 259 4113 1338.
303 4051 384 4113 Libri
410 4052 538 4135 ἔκραινε.

167 4164 258 4220 1341.
302 4157 377 4218 Edd.
401 4170 472 4232 vett.
496 4171 526 4219 et
544 4159 614 4219 Per.
639 4158 676 4217 G.
698 4150 887 4237 perredderet
909 4150 1031 4228 πόνους.
1063 4155 1192 4220 Censen·-

86 4239 165 4311 tiuet,
190 4253 221 4300 ut
241 4238 373 4314 videtur,
396 4244 505 4303 caeteri
528 4241 615 4313 libri,
647 4239 802 4319 exquibus
825 4237 894 4299 nihil
914 4235 1087 4298 adnotatum.
1132 4242 1192 4303 Sed

85 4320 122 4380 H.
153 4322 336 4404 Stephanus,
370 4345 425 4385 non
453 4345 520 4385 suos
548 4323 593 4384 bic
622 4321 698 4382 Mss.
731 4323 897 4391 nominans,
936 4331 967 4378 ut
993 4317 1189 4402 Musgravies‚

85 4402 238 4481 Matthiae,
276 4407 425 4486 Psstrghius
456 4409 604 4478 referunt,
641 4404 741 4466 scribit
760 4403 856 4464 afferri
884 4411 914 4462 et
935 4404 1018 4466 abiem
1040 4409 1191 4470 lectionem

86 4485 214 4568 πόρους,
247 4492 402 4572 quaesibi
430 4507 527 4569 peruri
555 4489 702 4571 probatur.
753 4487 912 4567 Recepturr
937 4484 1053 4569 πόρους
1079 4491 1147 4554 inde
1174 4513 1191 4553 a

87 4567 215 4635 Cantero.
268 4573 408 4635 Matthiae
430 4574 554 4634 coniecit
575 4569 785 4656 ducacrsiovr'
804 4568 942 4655 οἲπίρουα
961 4572 1116 4658 θυγατρίς
1137 4574 1191 4657 ὁρ·

926 4654 983 4738 ριν
