3022 5140
816 274 866 348 48

639 457 675 524 Α
683 459 720 526 Ν
724 460 757 528 Δ
766 462 989 537 ΡΟ-ΜΑΧ
993 471 1041 540 H.

215 599 278 662 495
386 587 495 685 θῦμα
519 582 648 674 δάϊον,
676 585 872 684 ὥχθονός

390 711 520 797 Φθίας
544 709 755 813 κράντορες.
796 731 799 736 “

661 899 1011 982 ΜΟΛΟΤΤΟΣ.

789 1033 819 1109 oi
844 1036 971 1139 πάτερ,

384 1153 473 1254 μόλε
500 1155 620 1255 φίλοις
646 1155 847 1259 ἐπίκουρος.

635 1345 672 1416 Α
678 1345 749 1416 ΝΔ
754 1347 886 1421 POM
890 1354 926 1422 Α
932 1355 977 1424 Χ
979 1357 1030 1431 Η.

384 1474 495 1552 κτίσει
518 1471 585 1572 δή,
611 1476 759 1565 τέκνον,
787 1475 818 1553 ai
843 1481 962 1579 φίλος,

383 1608 539 1701 μαστοῖς
561 1602 720 1703 ματέρος
747 1602 848 1702 άμφὶ
874 1617 943 1693 σᾶς

385 1728 516 1827 νεκρὸς
538 1726 612 1803 ὑπὸ
633 1726 752 1822 χθονὶ
776 1729 847 1806 σὺν
870 1745 992 1835 νεκρῷ
1015 1741 1065 1816 τ’.

667 1899 720 1966 Μ
725 1894 797 1968 ΟΛ
805 1897 1014 1972 ΟΤΤΟΣ.

277 2017 279 2023 ’
381 2028 477 2126 piper
501 2053 583 2124 μοι,
609 2023 647 2099 τό
669 2022 805 2113 πάθως
831 2023 946 2109 τάλας

384 2150 468 2247 δῆτ’
495 2149 568 2254 ἐγιδ
594 2147 641 2226 σό
662 2179 722 2239 τε,
746 2158 885 2249 μᾶτερ·

725 2314 948 2418 σύστημα.

660 2459 714 2526 Μ
717 2458 750 2528 E
755 2460 796 2530 N
798 2460 832 2530 E
837 2457 877 2529 Λ
882 2463 919 2531 Α
928 2460 1013 2534 ΟΣ.

383 2590 442 2666 ἴθ’
468 2584 708 2684 ὑποχθόνιοι·
734 2589 896 2693 καὶγὰρ
923 2592 989 2667 ἀπ’
1016 2594 1167 2694 ἐχθρῶν

384 2717 489 2810 ἥκετε
512 2709 683 2815 πύργων·
711 2711 779 2790 δόο
806 2715 845 2791 δ’
872 2720 913 2792 ἐκ
937 2716 1087 2794 δισσοῖν

385 2836 564 2935 θνήσκιτ’
594 2835 799 2942 ἅνάηκαιν·
826 2838 864 2916 σὲ
889 2839 960 2938 μὲν
982 2843 1140 2943 ἡμετέρα

382 2971 510 3065 ψῆφος
536 2964 697 3064 ἀναιρεῖ,
725 2965 843 3041 παῖδα
867 2965 891 3043 δ
896 2968 906 2994 ³
934 2967 1002 3066 ἐμὴ
1028 2976 1114 3054 παῖς

382 3087 490 3167 τόνδ’
510 3087 701 3190 Ἑρμιόνη·
727 3090 888 3194 καὶγὰρ
915 3091 1024 3169 ἀνοία

381 3213 525 3319 μεγάλη
550 3215 686 3292 λείπειν
711 3215 870 3318 ἔχθροδς
894 3219 1057 3319 ἐχθρῶν,

282 3398 564 3418 ν-ι--σ-εόϋ

367 3485 440 3577 495.
485 3513 567 3573 Haec
590 3495 687 3584 verba,
711 3517 797 3591 θῦμα
816 3510 910 3589 δάϊον,
934 3503 1088 3594 ὦχθονδς
1110 3515 1210 3590 Φθίος
1229 3513 1390 3600 κράντορες,

284 3615 356 3676 quae
377 3598 407 3656 iu
428 3596 508 3655 libris
528 3596 657 3656 Molosso
680 3597 842 3655 continuata
863 3609 954 3669 erant,
977 3596 1117 3658 Matthiae
1133 3601 1237 3680 aliique
1253 3621 1316 3661 meo
1331 3622 1390 3660 mo·

284 3682 361 3753 nitu,
384 3692 416 3739 ut
436 3681 611 3759 antistropha
632 3679 821 3752 monstrabat,
843 3678 1061 3740 Andromachae
1083 3683 1252 3743 tribuerunt.

366 3783 440 3846 496.
481 3777 552 3840 ΑΙδ.
577 3779 640 3838 rell.
666 3767 815 3859 ὦπάτερ,
839 3768 863 3841 ὦ
884 3774 961 3857 μόλε.
1005 3779 1147 3841 Omittunt
1164 3803 1181 3842 a
1201 3784 1324 3844 metricis
1340 3806 1391 3864 po·
1509 3783 1510 3858 i

285 3866 369 3925 situm
390 3866 510 3925 alterum
531 3851 556 3924 oi
576 3861 662 3921 Lase.
685 3873 715 3920 et
734 3862 808 3922 Mss.
1492 3863 1510 3907 ⁴

367 3965 440 4030 att.
484 3963 740 4042 luter-pungebatur
760 3961 789 4023 τό
808 3955 913 4039 πόθος
934 3957 1021 4036 τάλας
1042 3959 1105 4046 δῆτ’
1128 3959 1199 4047 ἕηιό,
1221 3960 1258 4028 σό
1278 3988 1318 4043 τε,
1339 3972 1391 4046 μᾶ·
1504 3926 1507 3985 i

285 4071 341 4132 τερ.
386 4048 527 4108 Matthiae
555 4057 651 4105 taeerm
683 4047 935 4124 interpunctionem
964 4057 1028 4127 post
1051 4043 1141 4110 πάθω
1170 4051 1293 4109 sustulit.
1338 4049 1390 4108 Se·
1502 4010 1506 4105 i

286 4132 366 4213 quuti
382 4132 443 4191 atii.
485 4131 621 4191 Veterem
638 4131 890 4209 interpunctionem
913 4141 990 4189 recte
1005 4132 1121 4190 retinuit
1140 4130 1318 4212 Lentingius.
1356 4129 1392 4190 Τι’

286 4211 376 4292 unitim
398 4228 442 4276 est
463 4217 532 4294 ηιιιίλ
543 4213 679 4294 suetiam?
706 4224 737 4273 ut
758 4214 786 4271 in
807 4212 917 4272 Phoen.
936 4215 1009 4277 002.
1096 4239 1099 4246 ·

368 4316 442 4378 508.
486 4314 579 4388 Quum
601 4312 686 4371 Lasc.
705 4313 808 4371 haheat
827 4306 951 4393 ἐχθροὺς
971 4307 1087 4391 ἐχθρόν,
1107 4314 1136 4371 in
1153 4311 1221 4372 Par.
1238 4310 1278 4371 A.
1297 4320 1387 4368 autem
1500 4314 1503 4373 .’

288 4398 420 4456 omissum
446 4393 512 4471 ἐξὸν
537 4397 623 4456 minio
651 4395 688 4454 ad
714 4394 828 4476 ἐχθρῶν
856 4414 941 4473 supra
965 4398 1098 4475 seriptum
1120 4397 1172 4466 sit,
1202 4393 1388 4454 dubitationes

288 4481 429 4541 excitatae
449 4491 515 4539 sunt
536 4491 565 4539 et
585 4476 725 4559 quomodo
745 4471 868 4559 ἐχθροὺς
887 4477 1008 4556 ἐχθρῶν
1021 4477 1214 4557 explicandum
1237 4478 1284 4548 sit,
1305 4488 1336 4536 et
1354 4476 1389 4538 de

1188 4587 1191 4594 '
1492 4597 1509 4632 ο
