3032 5132
786 311 838 383 80

355 504 557 609 βάρβαρον
579 506 629 592 ῶς
657 506 776 585 ἀκοὰν
798 504 914 606 λιλοίην
939 505 1055 606 ὲιλοίην
1080 511 1161 584 ποτ’
1188 515 1373 602 ἐνοίκοις,

310 670 314 676 ’
356 633 430 711 τὰν
455 631 529 708 ἀπὸ
553 629 797 734 θηροτρόφου
823 631 1100 734 φοινικολόφοιο
1121 634 1325 736 ιλροίιιοντος

357 761 496 864 γένναν
521 759 754 860 ὀδοντοφυῆ,
785 758 909 859 Θήβας
933 760 1130 854 κάλλιστον
1156 763 1311 848 doctrine·
1387 827 1389 832 .

351 885 549 988 Ἁρμονίας
574 886 619 962 de'
639 889 721 962 ποτ’
752 893 802 972 ιλς
821 887 1021 986 ὑμεναίους
1146 901 1150 907 “

182 1023 246 1086 825
357 1016 507 1114 ἤλυθον
532 1011 743 1114 οῦρανίιλαι,
769 1014 961 1118 φορμιγμί
975 1043 1014 1090 τι
1039 1014 1159 1112 τείχεα
1186 1014 1312 1114 Θήβας

358 1150 426 1227 τᾶς
443 1139 666 1241 Ἀμφιονίας
689 1169 728 1216 τε
753 1138 868 1241 λύρας
891 1141 965 1218 λίπο
990 1139 1131 1244 πύργος
1157 1143 1293 1220 ἀνίστα

361 1263 535 1365 ιλιιλόμιιιν
560 1277 741 1366 ποταμῶν
766 1266 884 1369 πόρον
909 1268 1009 1368 ἀμφὶ
1033 1268 1150 1366 μέσον

258 1491 519 1504 ...----———--

344 1627 417 1773 eid}
445 1629 518 1686 λλον.
546 1626 579 1688 A.
608 1629 637 1688 2.
668 1627 717 1690 λθ.
746 1630 816 1691 Vict.
843 1622 972 1710 η’λυθον.
1021 1630 1108 1690 Ceteri
1137 1629 1211 1690 codd.
1239 1651 1296 1690 cunr
1319 1631 1377 1690 edd.
1402 1697 1405 1704 ⁴

258 1725 321 1778 sett.
342 1738 361 1794 η
408 1734 452 1774 ον.

345 1822 419 1884 826.
446 1823 534 1902 Vulgo
563 1811 677 1904 πόργος
704 1815 825 1882 ιλνίσια.
848 1772 966 1881 Sed'
948 1817 1077 1924 ανὲοτρν
1103 1825 1175 1883 Flor.
1197 1824 1232 1884 A.
1256 1823 1305 1884 10.
1328 1825 1379 1884 33.

262 1909 346 1970 Taur.
373 1910 460 1968 Havn.
486 1906 558 1986 Aug.
586 1907 611 1966 d.
638 1909 698 1966 Par.
727 1906 786 1966 A.
778 1929 806 1966 ιο
840 1929 890 1985 qno
912 1915 988 1967 etiarn
1011 1902 1129 1988 πιίργοι.
1172 1909 1252 1970 Hunc
1273 1920 1379 1968 secutus

261 2005 303 2055 est
329 1995 488 2054 Brunchius.
530 1993 588 2071 Ego
622 2013 678 2050 curn
706 1993 824 2051 Porsono
844 1995 978 2072 vulgatum
1008 1997 1131 2072 praetuli,
1160 1995 1228 2072 quod
1250 2004 1275 2052 et
1296 2015 1355 2074 rnag
1357 2001 1379 2052 is

261 2085 389 2160 poeticum
412 2088 452 2137 est
473 2086 499 2136 ct
520 2081 627 2136 suavius
649 2097 723 2136 sono.

348 2186 421 2248 827.
442 2189 472 2246 ln
494 2186 556 2246 Ald.
579 2189 688 2264 aliisque
710 2185 768 2245 edd.
789 2195 851 2246 vett.
874 2189 997 2265 scripturn
1006 2195 1259 2290 interpunctumque
1281 2187 1380 2246 esthoc

263 2274 357 2334 niodo:
380 2263 494 2352 πόργος
515 2267 626 2332 ιλνίστα
648 2265 786 2346 ιλιιλόμοιν
807 2276 954 2348 ποταμῶν
976 2265 1123 2350 πόροις
1092 2295 1111 2331 α
1101 2268 1172 2352 ’μφλ
1193 2269 1288 2377 μόρον
1301 2271 1379 2352 Δίρ-

264 2381 331 2437 κας,
357 2350 601 2438 χλοεροτρόφον,
631 2349 651 2415 ιλ
678 2354 780 2416 πιλίον
802 2350 925 2437 πρόπαρ
943 2354 1086 2435 ’,ιλοιηνοῦ
1108 2350 1275 2418 καταδιόιι.
1317 2359 1380 2417 Bar·

265 2450 354 2504 nesius
376 2454 403 2502 et
423 2443 629 2513 Valckenarius,
651 2446 726 2518 eique
746 2442 841 2500 addicti
862 2443 1011 2502 Brunclrius
1034 2451 1060 2500 et
1080 2443 1215 2506 Porsonus
1237 2447 1381 2501 coniunxe-

185 2563 186 2566 ι
263 2539 325 2590 runt
351 2523 466 2609 πόρνος
492 2520 628 2604 ιλιιλόμιιιν
656 2529 812 2600 ποταμῶν,
840 2529 909 2604 quod
935 2529 1041 2586 Thebae
1068 2527 1169 2586 dicatur
1189 2521 1276 2599 πόλις
1297 2521 1380 2588 ιλιιιό·

264 2635 373 2689 ταμος.
417 2613 502 2671 Multo
531 2552 675 2690 simplicius
704 2623 729 2670 et
750 2616 884 2670 venustius
907 2613 1063 2670 scholiastae
1084 2616 1223 2670 iunxerunt
1245 2606 1381 2687 ιλιιλόμιον

265 2700 414 2776 ποταμῶν
440 2691 537 2776 πόρον
563 2692 693 2777 ιλμφλμ
684 2691 765 2756 ιίσον
787 2694 914 2774 Δίρκας.
959 2695 1010 2759 Qui
1031 2717 1091 2754 voro
1114 2706 1176 2754 sunt
1195 2701 1240 2755 isti
1262 2697 1313 2756 duo
1334 2699 1381 2755 λλιι

264 2787 318 2845 vrit
361 2783 534 2842 scholiastes.
564 2781 631 2861 περὶ
658 2776 712 2840 τὸν
737 2777 832 2857 μέσον
859 2775 955 2860 πόρον
983 2783 1045 2839 τῶν
1071 2773 1126 2840 olo
1155 2783 1302 2858 ποταμῶν
1327 2784 1382 2860 τῆς

265 2867 385 2969 Δίρκης
407 2869 462 2944 τῆς
483 2867 597 2970 πηγῆς·
620 2858 676 2926 trio
697 2861 755 2964 γὰρ
778 2864 911 2940 ποταμολ
935 2861 1164 2943 διαιροῦνται”
1146 2859 1206 2925 ond
1228 2860 1283 2944 τὴς
1304 2864 1383 2946 Δίρ-

163 2975 166 2982 ’
267 2975 337 3032 κης,
364 2945 381 3012 ὃ
410 2945 549 3028 Ἰσμηνός
576 2949 626 3008 καλ
652 2941 672 3027 ἡ
699 2941 869 3024 όμιυνόμως
895 2952 933 3029 τῇ
962 2951 1042 3030 πηγῇ
1070 2947 1241 3028 καλουμίνη
1270 2948 1381 3032 Διᾝρκη

267 3039 382 3098 Alins'
375 3057 401 3095 ιιι
424 3036 481 3094 cod.
508 3035 579 3114 Aug.
606 3027 672 3113 ἥτις
698 3032 800 3113 Δίρκη
827 3033 869 3104 alc
890 3007 946 3093 ιλίίο
965 3031 1141 3140 ρχιζομίνη
1150 3031 1186 3095 τό
1208 3030 1384 3114 λ’μιιροσθιν

263 3123 321 3182 τοῦ
340 3117 482 3198 Ἰσμηνοῦ
505 3116 593 3180 neoto
615 3114 808 3226 καταριλιόει.
830 3105 914 3180 οῦτοι
936 3112 994 3200 γάρ
1016 3120 1091 3180 εἰσιν
1112 3141 1140 3180 οι
1132 3113 1218 3180 ιιλόο
1241 3119 1384 3196 ποταμοί,
1415 3187 1418 3196 ‚

266 3202 340 3288 ἥτε
361 3205 462 3286 Δίρκη
484 3205 535 3266 καλ
559 3199 707 3283 Ἰσμηνός.
750 3204 812 3264 Nisi
833 3215 947 3264 λιιιολοι
967 3206 1038 3263 alind
1059 3205 1185 3275 scholion,
1207 3205 1275 3282 quod
1296 3212 1383 3264 station

268 3295 382 3364 afferam,
408 3287 444 3352 τὸ
470 3285 655 3370 ἔμπροσθεν,
683 3289 764 3347 rideri
788 3301 879 3368 posset
899 3295 1022 3367 scripturn
1044 3291 1128 3348 fuisse
1149 3297 1194 3348 aut
1215 3283 1289 3349 τό”
1270 3311 1383 3368 εμπρο-

268 3379 346 3438 σθεν
364 3378 421 3436 τοῦ
438 3370 582 3451 Ἰσμηνοῦ
604 3373 707 3434 ιιιιλιόν
729 3381 772 3431 aut
792 3371 832 3432 sol
853 3369 1030 3454 ἔμπροσθεν
1050 3377 1104 3433 τοῦ
1122 3368 1265 3452 Ἰσμηνοῦ
1288 3373 1383 3434 πεδία.

269 3463 322 3521 His
349 3461 458 3517 scholiis
485 3459 560 3516 fidem
588 3457 678 3515 habuit
704 3455 861 3534 Ungerus'
854 3479 881 3516 ιιι
908 3459 1053 3517 Paradohis
1079 3459 1213 3517 Thebanis
1240 3462 1292 3519 ιολ.
1314 3462 1336 3518 Ι.
1357 3481 1383 3537 p.

272 3542 342 3604 138.
371 3563 441 3620 seqq.
484 3545 574 3618 Itaque
599 3542 706 3598 durium
735 3543 864 3600 Dircen
856 3563 883 3602 ιιι
911 3543 977 3601 duos
1004 3563 1093 3601 amnes
1120 3544 1254 3602 discedere
1278 3549 1386 3622 putarit,

269 3649 378 3707 qnorum
406 3629 480 3685 alteri
508 3629 632 3684 manserit
658 3645 752 3684 nomen
779 3627 886 3699 Dircae,
908 3629 973 3686 alter
994 3645 1085 3687 autern
1101 3629 1186 3686 dictus
1208 3631 1286 3687 inerit
1308 3630 1385 3686 larne-

270 3731 331 3772 nus.
372 3712 459 3788 Atque
485 3715 553 3770 inter
579 3710 646 3769 duos
673 3732 762 3770 aornos
790 3719 856 3771 sitas
878 3731 937 3771 esse
957 3713 1063 3770 Thebas
1085 3719 1163 3771 etiarn
1179 3713 1326 3773 'Whelerus
1347 3731 1385 3770 re·

270 3799 322 3858 iert
347 3819 374 3875 ρ.
400 3795 472 3856 377.
489 3815 596 3873 qnorum
625 3798 732 3855 alterum
756 3798 859 3867 Dircen,
880 3799 987 3854 alterurn
1011 3799 1141 3855 ls'rnenunr
1163 3817 1222 3856 esse
1242 3807 1324 3874 putat,
1346 3817 1386 3854 re·

214 3880 218 3887 ’
270 3901 329 3942 rnen
355 3901 438 3959 neque
464 3882 507 3939 hic
536 3901 584 3940 nec
609 3892 723 3940 veteruru
750 3885 820 3940 ullus
848 3901 893 3939 eos
920 3899 1009 3938 arnnes
1034 3899 1068 3939 ex
1090 3901 1141 3940 uno
1163 3887 1292 3940 communi
1312 3883 1385 3942 alueo

270 3987 376 4027 manare
394 3967 471 4025 dixit.
494 3963 580 4030 Quare
601 3987 690 4025 uereor
712 3985 744 4023 ne
765 3968 821 4023 falli
843 3985 987 4042 repersus
1007 3973 1043 4024 sit
1065 3966 1386 4066 Ungerns,srcutrtalsns
1501 3959 1502 3974 ³

271 4062 314 4112 est
332 4057 411 4111 etiam
433 4057 460 4110 in
482 4072 521 4122 eo,
543 4051 658 4130 qundp.
683 4049 751 4109 141.
773 4049 923 4128 Euripidem
944 4057 1083 4128 scripsisse
1103 4054 1242 4110 arbitratus
1253 4061 1295 4110 ost
1312 4043 1386 4129 πρό

272 4159 336 4217 παρ
348 4097 537 4214 ’λσμηιίοό,
570 4139 661 4195 collem
683 4137 823 4192 lsurenium
845 4135 897 4193 dici
918 4145 1020 4212 putans.
1063 4137 1197 4207 Syniaesis
1218 4137 1278 4206 illa,
1311 4153 1386 4212 quaro

271 4224 370 4282 frustra
390 4223 489 4281 studuit
510 4221 657 4298 defendere,
679 4219 779 4277 admitti
800 4239 852 4278 non
874 4229 968 4298 potest.
995 4221 1053 4299 Ego
1074 4219 1177 4296 quidem
1198 4221 1258 4298 plus
1278 4225 1385 4279 tribuant

269 4309 318 4365 alii
345 4307 441 4366 codicis
469 4308 616 4385 Augustani
643 4303 752 4372 scholio,
778 4305 846 4381 quod
867 4305 917 4363 hoc
939 4315 994 4363 est:
1016 4305 1083 4381 περὶ
1103 4303 1158 4364 τόν
1177 4300 1274 4380 μίσον
1293 4297 1388 4386 πόρον

272 4394 335 4452 τῶν
355 4389 494 4470 ιλιιλόμιιιν
516 4389 663 4462 ποταμῶν
682 4407 737 4464 της
748 4386 875 4468 Διρκης
896 4383 964 4464 ἣτις
985 4387 1145 4494 ρχιζομένη
1161 4409 1198 4449 το
1187 4384 1388 4468 ἔμπροσθεν
1501 4405 1502 4408 ’

273 4479 329 4537 τοῦ
354 4471 517 4574 Ἰσμηνοῦ
524 4467 581 4532 ιλόο
607 4468 751 4532 όποτιλιῖ
766 4493 845 4533 ποτα
845 4467 940 4550 ι’·ιοις,
969 4469 1024 4544 οῦς
1045 4472 1094 4533 καλ
1117 4467 1267 4550 λιιλιίμους
1287 4468 1388 4534 derile-

274 4581 343 4632 σαι,
366 4558 427 4620 luri
449 4551 517 4629 d'g‘
503 4554 569 4629 ιιὸς
591 4553 619 4617 ολ
645 4551 702 4618 aldo
723 4552 952 4620 ἀποτελοῦνται.
995 4558 1069 4623 llrrse
1090 4565 1114 4617 si
1137 4579 1170 4619 ex
1188 4563 1306 4637 antiquis
1321 4575 1386 4616 conr·
