2974 5138
27 1821 33 2122 χ

616 283 663 358 41

189 474 335 570 ὄμματι
362 465 493 570 λάβρῳ
519 475 645 568 σχῆμα
666 467 830 558 ἀλαίνεις,

190 590 411 682 ἐξαλλάξασ’
439 594 562 690 ἄχθοα
586 590 719 689 λύπης·

189 723 242 798 ἅν
266 719 309 795 τέ
331 719 416 795 ποτ’
434 719 602 819 Ἄρτεμις
625 715 882 818 ἐξεχορεύσατο

188 843 446 947 χρυσοκέρατό
459 846 611 944 ἔλαφον,
629 843 808 940 Μέροπος
823 842 1003 918 Τιτανίδα
1019 841 1175 946 κούραν,
1211 868 1273 924 400

192 965 422 1052 καλλοσύνας
438 969 585 1044 -ibcacr’
612 966 656 1044 τὸ
681 966 728 1042 d’·
749 966 840 1064 ἐμὸν
860 966 976 1066 δέμας
1068 973 1071 982 ’

196 1097 345 1182 ὤλεσεν,
371 1094 481 1170 (ὄλεσε
496 1094 696 1197 1Πίργαμμ
721 1091 937 1194 Δαρδανίας
976 1129 979 1136 ·
1053 1136 1057 1146 ·

196 1219 397 1318 ὀλομένους
418 1219 458 1292 τ’
481 1215 659 1315 Ἀχαιούς.
938 1255 942 1264 ·
976 1231 980 1244 “

438 1368 832 1522 Ιιιαααιιιιοα.
917 1386 921 1399 ’

94 1562 124 1640 ὦ
150 1563 223 1646 τὰς
246 1528 681 1665 τεθρίπιιολιςγθίνομοίῳ
710 1567 841 1669 Πῖσαν
866 1558 962 1638 κάτα
1049 1530 1052 1539 ¹

97 1817 239 1900 Ἀρκάδα.
281 1819 429 1903 Pllugltius
445 1843 531 1904 quum¹
547 1820 699 1885 videndum
721 1822 773 1893 ait,
796 1824 943 1900 οσσχιῐμα
955 1820 1082 1902 ,λεαίνης
1102 1822 1205 1884 dictum

100 1907 152 1978 sit,
184 1915 216 1964 ut
244 1903 318 1984 apud
344 1903 520 1986 Aeschylum
546 1903 663 1985 τρόπον
684 1905 848 1986 αἰγυπιῶν,
877 1903 1043 1984 Euripidem
1066 1903 1206 1966 dicentem

99 1990 169 2049 lecit
188 1998 239 2048 aut
256 1989 376 2068 puellam
397 1990 617 2052 more=leaeuae
637 1991 668 2048 ia
690 2005 784 2048 ursam
805 1998 939 2048 mutatam
955 2007 1038 2062 esse,
1060 2000 1108 2050 aut
1128 2009 1212 2053 more·

99 2074 220 2132 leaenae
245 2071 391 2132 liberatam
419 2091 484 2132 esse
507 2073 597 2151 malis.
612 2131 617 2140 ,
635 2070 834 2149 =Communem
854 2073 954 2132 lamam
975 2083 1121 2155 sequutum
1142 2092 1207 2134 esse

99 2153 269 2236 Euripidem
304 2155 418 2215 minime
444 2155 557 2215 dubium
591 2147 724 2235 relinquit
752 2150 855 2236 poponi
883 2144 993 2237 θηρῶν
1014 2155 1208 2240 λαχνογυίων,

101 2238 176 2320 quod
198 2240 229 2298 in
244 2258 352 2311 ursam,
376 2259 433 2298 ooo
454 2241 483 2300 iu
501 2239 631 2301 lemnam
645 2237 783 2318 quadrat.
829 2237 892 2299 Sed
902 2240 990 2298 verba
999 2233 1027 2299 'si
1043 2235 1208 2303 cousidere-

102 2343 175 2394 mos,
189 2341 228 2381 ex
240 2341 308 2381 ursa
321 2323 351 2380 in
363 2323 491 2382 leaenam
506 2334 611 2383 munta
625 2321 730 2382 dicitur
744 2320 872 2381 Callisto.
916 2320 1001 2382 Patet
1016 2342 1052 2382 ex
1069 2324 1113 2382 bis
1126 2343 1210 2402 prae·

102 2408 214 2485 cipuum
237 2405 335 2466 vitium
357 2407 385 2464 iu
406 2407 526 2486 λεαίνης
546 2425 623 2467 esse.
676 2405 789 2469 Videor
811 2404 879 2462 mihi
900 2406 995 2464 omnia
1016 2404 1208 2486 expedivisse,

103 2509 185 2569 quum
210 2489 252 2548 sie
271 2487 435 2556 emendavit
459 2487 480 2552 b*
502 2493 622 2570 μορφᾶς
642 2483 752 2569 θηρῶν
772 2488 956 2568 λαχνογυίων
978 2487 1087 2568 ὄμματι
1109 2487 1211 2582 λάβρῳ

104 2577 202 2654 σχῆμα
224 2572 364 2646 ὄιαίνεις,
392 2569 560 2649 ίξαλλόξαιί
581 2572 680 2652 ὄχθια
701 2570 806 2651 λύπης.
852 2575 931 2649 (tuoe
943 2571 1062 2651 sormue
1085 2573 1211 2634 hirsuta·

103 2677 165 2716 rum
174 2656 314 2738 snorum
328 2659 449 2734 speciem
463 2661 546 2736 largo
560 2659 642 2718 oculo
651 2658 753 2742 'defleo
771 2665 941 2716 commutato
949 2655 1079 2735 pondere
1091 2657 1209 2718 dodoni.

103 2740 152 2800 Sic
179 2737 292 2820 ὄμματι
319 2735 433 2820 λὀλβρμ
450 2739 595 2801 recte‘de
620 2741 754 2801 uberibus
780 2739 906 2799 lacrimis
932 2737 1048 2798 dictum.
1105 2743 1214 2822 Σχῆμα

103 2827 226 2905 μορφῆς
246 2821 318 2882 dixit
339 2824 367 2880 iu
387 2823 455 2884 lone
475 2829 594 2887 v.'992.
1008 2905 1011 2912 Ι
1077 2829 1081 2838 ’

294 2918 387 2984 ποῖόν
408 2929 436 2984 τι
458 2930 581 3006 μορφῆς
601 2919 694 3006 σχῆμ’
716 2921 841 3004 ἔχουσαν
862 2917 982 3002 α’γρίαςς

105 3022 243 3087 Acclama
263 3026 350 3104 πῆμα
372 3021 444 3104 dixit
460 3023 623 3106 Aeschylus
640 3025 671 3084 in
689 3023 789 3084 Persis
805 3041 836 3092 ,v.
854 3027 945 3084 1043.
991 3019 1124 3102 Denique
1140 3021 1223 3104 quod.

106 3117 298 3180 commutasse
321 3105 431 3186 pondus
449 3107 554 3168 doloris
577 3107 757 3179 dieitur,co
776 3105 917 3176 refertur,
940 3103 1014 3184 quod
1033 3126 1116 3186 quum
1136 3108 1222 3184 prius

106 3203 224 3270 propter
244 3189 436 3268 virginitatem
454 3193 586 3252 amissam
606 3189 758 3262 doluisset,
782 3208 855 3248 nunc
875 3181 952 3247 dolet
971 3187 1007 3246 ob
1030 3187 1137 3260 formae
1155 3210 1221 3252 mu·.

106 3276 255 3334 tationem.
305 3272 456 3348 Praesenti
473 3294 539 3334 usus
560 3285 604 3334 cst
621 3283 723 3354 pocta,
745 3269 820 3351 quod
834 3281 929 3330 manet
946 3270 974 3328 iu
996 3271 1075 3332 caelo
1096 3293 1173 3339 ursa.
1218 3328 1221 3342 ,

188 3372 233 3434 V.
257 3378 347 3438 399..
377 3371 458 3446 Quae
480 3375 532 3438 bic⁴
546 3382 781 3442 commemoratur
800 3369 931 3449 Meropis
951 3369 1019 3440 lilia,
1044 3368 1079 3433 de
1093 3373 1215 3434 cuiasio

108 3475 222 3516 cervam
241 3457 396 3517 mutatione
414 3456 482 3516 nihil
500 3467 623 3530 constat,
647 3458 768 3516 fortasse
784 3453 843 3518 (les
863 3464 919 3526 est,
943 3472 960 3511 a
978 3473 1033 3532 qua
1051 3475 1153 3526 nomen
1169 3466 1222 3516 αα·

107 3541 184 3618 cepit
205 3539 308 3601 insula.
350 3535 582 3622 Ἐξεχορεόσατο
600 3540 757 3620 comparari
774 3546 873 3624 potest·
887 3556 950 3596 cum
974 3555 1028 3612 eo,
1052 3537 1126 3619 quod
1143 3537 1216 3620 apud

107 3622 243 3683 Ovidium
261 3622 481 3688 basalissa.
505 3623 623 3684 Callisto
643 3633 761 3704 experta
781 3630 844 3680 est:

360 3726 450 3802 deque
469 3744 522 3784 suo
543 3727 628 3787 iussit
645 3723 780 3784 secedere
800 3730 891 3780 coetu.

191 3820 235 3884 V.
258 3828 332 3886 400.
382 3822 459 3886 Edd.
474 3833 544 3886 vett.
567 3819 738 3904 χροσοιιὲρω
761 3816 793 3900 τ’,
822 3817 903 3879 Flor·
924 3829 952 3880 1.
962 3827 993 3878 2.
1012 3818 1092 3879 Vict.
1112 3785 1218 3896 ppetuu·¹

109 3900 218 3983 κέρατ’,
247 3905 298 3965 sed
322 3908 350 3965 iu
376 3907 457 3966 Flor.
476 3918 508 3968 2.
533 3907 611 3976 Vict.
635 3905 826 3988 superscripto
847 3925 880 3962 m.
925 3902 1009 3961 Hanc
1030 3901 1131 3959 iustam
1153 3919 1217 3958 esse

112 3988 229 4048 formam
249 3982 374 4049 ostendit
395 3987 549 4050 Elmsleius
569 3989 605 4050 ad
623 3991 673 4049 Ai.
691 3997 764 4050 382.
790 3984 871 4046 etad
889 3983 996 4044 Bacch.
1013 3989 1086 4044 919.

193 4089 235 4152 V.
258 4095 333 4152 402.
376 4088 486 4151 Nescio
499 4111 534 4150 ao
548 4089 695 4167 scripserit
709 4083 863 4167 Euripides
877 4076 1030 4162 Δαρόὄνί.
1072 4067 1220 4152 Facillime

110 4172 308 4252 apostrophus.
321 4193 385 4232 cum
407 4171 583 4253 compendio·
594 4195 632 4246 ας
650 4170 775 4250 syllabae
799 4166 952 4248 permutari
972 4163 1091 4244 potuit„
1122 4165 1221 4226 Habet

111 4266 208 4316 umen
227 4254 370 4334 interdum
393 4257 561 4336 penultimus
580 4251 777 4330 iudaetylicis
795 4249 954 4330 systematis
973 4266 1091 4324 versus,
1115 4250 1139 4308 si
1157 4250 1220 4310 ulti·

113 4359 174 4400 mus
194 4339 259 4402 aliis
279 4341 406 4402 numeris
426 4351 489 4416 est,
512 4333 617 4416 aliquid
633 4335 707 4406 ultra
723 4333 853 4404 usitatam
875 4350 1046 4392 mensuram.
1147 4383 1150 4390 ,

114 4523 140 4582 Τ
186 4436 238 4504 λ.
261 4445 352 4506 tot.
382 4437 508 4502 aurel..
523 4433 701 4500 Diudoclium
714 4431 862 4510 lugebatur
879 4430 1094 4534 Hloco.‚llido
1107 4407 1143 4494 ad
1155 4430 1225 4511 tpt.
1250 4435 1253 4440 '

141 4542 204 4584 aur.
223 4533 252 4586 l·
695 4548 696 4552 ¹
898 4547 903 4556 ·>
