<?xml version="1.0" encoding="UTF-8"?>
<!DOCTYPE html PUBLIC "-//W3C//DTD XHTML 1.0 Transitional//EN"
    "http://www.w3.org/TR/xhtml1/DTD/xhtml1-transitional.dtd">
<html xmlns="http://www.w3.org/1999/xhtml" xml:lang="en" lang="en">
 <head>
  <title>
</title>
<meta http-equiv="Content-Type" content="text/html;charset=utf-8" />
  <meta name='ocr-system' content='tesseract 3.04.00' />
  <meta name='ocr-capabilities' content='ocr_page ocr_carea ocr_par ocr_line ocrx_word'/>
</head>
<body>
  <div class='ocr_page' id='page_1' title='image "./euripidistragoe09eurigoog/euripidistragoe09eurigoog_0218.png"; bbox 0 0 3022 5140; ppageno 0'>
   <div class='ocr_carea' id='block_1_1' title="bbox 681 269 745 321">
    <p class='ocr_par' dir='ltr' id='par_1_1' title="bbox 681 269 745 321">
     <span class='ocr_line' id='line_1_1' title="bbox 681 269 745 321; baseline 0 0"><span class='ocrx_word' id='word_1_1' title='bbox 681 269 745 321; x_wconf 82' lang='lat' dir='ltr'><strong>Xlll</strong></span> 
     </span>
    </p>
   </div>
   <div class='ocr_carea' id='block_1_2' title="bbox 138 427 1344 4405">
    <p class='ocr_par' dir='ltr' id='par_1_2' title="bbox 138 427 1344 4405">
     <span class='ocr_line' id='line_1_2' title="bbox 139 427 1265 542; baseline 0.003 -29"><span class='ocrx_word' id='word_1_2' title='bbox 139 441 197 513; x_wconf 87' lang='lat' dir='ltr'><strong>vis</strong></span> <span class='ocrx_word' id='word_1_3' title='bbox 215 438 347 537; x_wconf 68' lang='lat' dir='ltr'><strong>,puniri</strong></span> <span class='ocrx_word' id='word_1_4' title='bbox 381 437 502 531; x_wconf 83' lang='lat' dir='ltr'><strong>vellet,</strong></span> <span class='ocrx_word' id='word_1_5' title='bbox 538 461 616 511; x_wconf 88' lang='lat' dir='ltr'><strong>casu</strong></span> <span class='ocrx_word' id='word_1_6' title='bbox 648 436 731 510; x_wconf 85' lang='lat' dir='ltr'><strong>salvi</strong></span> <span class='ocrx_word' id='word_1_7' title='bbox 767 439 964 538; x_wconf 82' lang='lat' dir='ltr'><strong>eraderent,</strong></span> <span class='ocrx_word' id='word_1_8' title='bbox 997 444 1100 518; x_wconf 89' lang='lat' dir='ltr'><strong>multo</strong></span> <span class='ocrx_word' id='word_1_9' title='bbox 1131 427 1265 542; x_wconf 81' lang='lat' dir='ltr'><strong>grauius</strong></span> 
     </span>
     <span class='ocr_line' id='line_1_3' title="bbox 139 555 1264 657; baseline 0.003 -26"><span class='ocrx_word' id='word_1_10' title='bbox 139 558 304 656; x_wconf 85' lang='lat' dir='ltr'><strong>peccavit</strong></span> <span class='ocrx_word' id='word_1_11' title='bbox 329 581 392 648; x_wconf 93' lang='lat' dir='ltr'><strong>eo,</strong></span> <span class='ocrx_word' id='word_1_12' title='bbox 419 556 506 655; x_wconf 83' lang='lat' dir='ltr'><strong>quod</strong></span> <span class='ocrx_word' id='word_1_13' title='bbox 532 555 666 629; x_wconf 91' lang='lat' dir='ltr'><strong>illorum</strong></span> <span class='ocrx_word' id='word_1_14' title='bbox 693 556 768 630; x_wconf 91' lang='lat' dir='ltr'><strong>loco</strong></span> <span class='ocrx_word' id='word_1_15' title='bbox 794 556 952 654; x_wconf 87' lang='lat' dir='ltr'><strong>Pelcum,</strong></span> <span class='ocrx_word' id='word_1_16' title='bbox 982 561 1076 634; x_wconf 87' lang='lat' dir='ltr'><strong>cuius</strong></span> <span class='ocrx_word' id='word_1_17' title='bbox 1101 585 1264 657; x_wconf 83' lang='lat' dir='ltr'><strong>generosa</strong></span> 
     </span>
     <span class='ocr_line' id='line_1_4' title="bbox 138 673 1263 772; baseline 0.005 -26"><span class='ocrx_word' id='word_1_18' title='bbox 138 674 391 748; x_wconf 78' lang='lat' dir='ltr'><strong>intercessione</strong></span> <span class='ocrx_word' id='word_1_19' title='bbox 425 674 576 772; x_wconf 88' lang='lat' dir='ltr'><strong>periculo</strong></span> <span class='ocrx_word' id='word_1_20' title='bbox 609 673 741 746; x_wconf 86' lang='lat' dir='ltr'><strong>liberati</strong></span> <span class='ocrx_word' id='word_1_21' title='bbox 774 683 852 749; x_wconf 88' lang='lat' dir='ltr'><strong>suut</strong></span> <span class='ocrx_word' id='word_1_22' title='bbox 876 677 1111 750; x_wconf 86' lang='lat' dir='ltr'><strong>Andromacha</strong></span> <span class='ocrx_word' id='word_1_23' title='bbox 1136 687 1171 753; x_wconf 89' lang='lat' dir='ltr'><strong>et</strong></span> <span class='ocrx_word' id='word_1_24' title='bbox 1191 678 1263 752; x_wconf 84' lang='lat' dir='ltr'><strong>eius</strong></span> 
     </span>
     <span class='ocr_line' id='line_1_5' title="bbox 139 789 1262 891; baseline 0.006 -28"><span class='ocrx_word' id='word_1_25' title='bbox 139 793 261 883; x_wconf 85' lang='lat' dir='ltr'><strong>filius,</strong></span> <span class='ocrx_word' id='word_1_26' title='bbox 295 793 330 862; x_wconf 92' lang='lat' dir='ltr'><strong>in</strong></span> <span class='ocrx_word' id='word_1_27' title='bbox 363 794 486 865; x_wconf 89' lang='lat' dir='ltr'><strong>malum</strong></span> <span class='ocrx_word' id='word_1_28' title='bbox 518 789 740 883; x_wconf 77' lang='lat' dir='ltr'><strong>incidentem,</strong></span> <span class='ocrx_word' id='word_1_29' title='bbox 773 798 807 863; x_wconf 84' lang='lat' dir='ltr'><strong>et</strong></span> <span class='ocrx_word' id='word_1_30' title='bbox 839 793 940 866; x_wconf 84' lang='lat' dir='ltr'><strong>ueluti</strong></span> <span class='ocrx_word' id='word_1_31' title='bbox 966 818 1090 891; x_wconf 88' lang='lat' dir='ltr'><strong>poenus</strong></span> <span class='ocrx_word' id='word_1_32' title='bbox 1113 796 1262 870; x_wconf 87' lang='lat' dir='ltr'><strong>iustitiae</strong></span> 
     </span>
     <span class='ocr_line' id='line_1_6' title="bbox 140 905 1261 1011; baseline 0.005 -29"><span class='ocrx_word' id='word_1_33' title='bbox 140 934 230 982; x_wconf 88' lang='lat' dir='ltr'><strong>suae</strong></span> <span class='ocrx_word' id='word_1_34' title='bbox 262 910 406 982; x_wconf 90' lang='lat' dir='ltr'><strong>luentem</strong></span> <span class='ocrx_word' id='word_1_35' title='bbox 441 908 532 982; x_wconf 88' lang='lat' dir='ltr'><strong>lecit.</strong></span> <span class='ocrx_word' id='word_1_36' title='bbox 585 905 690 1007; x_wconf 87' lang='lat' dir='ltr'><strong>quue</strong></span> <span class='ocrx_word' id='word_1_37' title='bbox 718 933 758 981; x_wconf 84' lang='lat' dir='ltr'><strong>eo</strong></span> <span class='ocrx_word' id='word_1_38' title='bbox 786 907 930 982; x_wconf 90' lang='lat' dir='ltr'><strong>deterius</strong></span> <span class='ocrx_word' id='word_1_39' title='bbox 956 920 1023 1003; x_wconf 88' lang='lat' dir='ltr'><strong>est,</strong></span> <span class='ocrx_word' id='word_1_40' title='bbox 1058 912 1145 1011; x_wconf 83' lang='lat' dir='ltr'><strong>quod</strong></span> <span class='ocrx_word' id='word_1_41' title='bbox 1177 937 1261 1011; x_wconf 83' lang='lat' dir='ltr'><strong>quae</strong></span> 
     </span>
     <span class='ocr_line' id='line_1_7' title="bbox 141 1027 1261 1124; baseline 0.004 -26"><span class='ocrx_word' id='word_1_42' title='bbox 141 1051 238 1099; x_wconf 88' lang='lat' dir='ltr'><strong>nnnc</strong></span> <span class='ocrx_word' id='word_1_43' title='bbox 262 1027 412 1124; x_wconf 88' lang='lat' dir='ltr'><strong>sequitur</strong></span> <span class='ocrx_word' id='word_1_44' title='bbox 428 1049 507 1122; x_wconf 86' lang='lat' dir='ltr'><strong>pars</strong></span> <span class='ocrx_word' id='word_1_45' title='bbox 526 1027 716 1122; x_wconf 81' lang='lat' dir='ltr'><strong>tragoediae</strong></span> <span class='ocrx_word' id='word_1_46' title='bbox 734 1027 835 1123; x_wconf 88' lang='lat' dir='ltr'><strong>plane</strong></span> <span class='ocrx_word' id='word_1_47' title='bbox 859 1027 957 1098; x_wconf 88' lang='lat' dir='ltr'><strong>alium</strong></span> <span class='ocrx_word' id='word_1_48' title='bbox 976 1038 1010 1101; x_wconf 87' lang='lat' dir='ltr'><strong>ct</strong></span> <span class='ocrx_word' id='word_1_49' title='bbox 1030 1054 1147 1103; x_wconf 83' lang='lat' dir='ltr'><strong>nouam</strong></span> <span class='ocrx_word' id='word_1_50' title='bbox 1172 1030 1261 1104; x_wconf 85' lang='lat' dir='ltr'><strong>acti·</strong></span> 
     </span>
     <span class='ocr_line' id='line_1_8' title="bbox 141 1141 1260 1241; baseline 0.001 -24"><span class='ocrx_word' id='word_1_51' title='bbox 141 1169 264 1236; x_wconf 90' lang='lat' dir='ltr'><strong>onem,</strong></span> <span class='ocrx_word' id='word_1_52' title='bbox 298 1167 434 1241; x_wconf 83' lang='lat' dir='ltr'><strong>eamque</strong></span> <span class='ocrx_word' id='word_1_53' title='bbox 462 1141 588 1216; x_wconf 88' lang='lat' dir='ltr'><strong>idcirco</strong></span> <span class='ocrx_word' id='word_1_54' title='bbox 615 1150 740 1217; x_wconf 91' lang='lat' dir='ltr'><strong>tautum</strong></span> <span class='ocrx_word' id='word_1_55' title='bbox 767 1143 948 1237; x_wconf 87' lang='lat' dir='ltr'><strong>adiectum,</strong></span> <span class='ocrx_word' id='word_1_56' title='bbox 976 1155 1013 1218; x_wconf 93' lang='lat' dir='ltr'><strong>ut</strong></span> <span class='ocrx_word' id='word_1_57' title='bbox 1041 1146 1161 1220; x_wconf 87' lang='lat' dir='ltr'><strong>iustam</strong></span> <span class='ocrx_word' id='word_1_58' title='bbox 1183 1147 1260 1218; x_wconf 93' lang='lat' dir='ltr'><strong>lon-</strong></span> 
     </span>
     <span class='ocr_line' id='line_1_9' title="bbox 141 1260 1260 1360; baseline 0.004 -27"><span class='ocrx_word' id='word_1_59' title='bbox 141 1260 331 1360; x_wconf 79' lang='lat' dir='ltr'><strong>gitudinem</strong></span> <span class='ocrx_word' id='word_1_60' title='bbox 358 1260 526 1358; x_wconf 87' lang='lat' dir='ltr'><strong>acciperet</strong></span> <span class='ocrx_word' id='word_1_61' title='bbox 551 1261 745 1357; x_wconf 79' lang='lat' dir='ltr'><strong>tragoedia,</strong></span> <span class='ocrx_word' id='word_1_62' title='bbox 779 1285 819 1334; x_wconf 87' lang='lat' dir='ltr'><strong>uc</strong></span> <span class='ocrx_word' id='word_1_63' title='bbox 845 1286 888 1334; x_wconf 93' lang='lat' dir='ltr'><strong>ne</strong></span> <span class='ocrx_word' id='word_1_64' title='bbox 913 1275 1004 1336; x_wconf 88' lang='lat' dir='ltr'><strong>reete</strong></span> <span class='ocrx_word' id='word_1_65' title='bbox 1030 1263 1161 1360; x_wconf 83' lang='lat' dir='ltr'><strong>quidem</strong></span> <span class='ocrx_word' id='word_1_66' title='bbox 1187 1272 1260 1337; x_wconf 90' lang='lat' dir='ltr'><strong>tra-</strong></span> 
     </span>
     <span class='ocr_line' id='line_1_10' title="bbox 141 1376 1259 1471; baseline 0.004 -19"><span class='ocrx_word' id='word_1_67' title='bbox 141 1387 291 1471; x_wconf 85' lang='lat' dir='ltr'><strong>ctatum,</strong></span> <span class='ocrx_word' id='word_1_68' title='bbox 325 1380 486 1452; x_wconf 88' lang='lat' dir='ltr'><strong>continet.</strong></span> <span class='ocrx_word' id='word_1_69' title='bbox 552 1376 639 1451; x_wconf 92' lang='lat' dir='ltr'><strong>Nam</strong></span> <span class='ocrx_word' id='word_1_70' title='bbox 681 1377 934 1451; x_wconf 77' lang='lat' dir='ltr'><strong>si&#39;ulrduccndu</strong></span> <span class='ocrx_word' id='word_1_71' title='bbox 964 1381 1005 1451; x_wconf 89' lang='lat' dir='ltr'><strong>ab</strong></span> <span class='ocrx_word' id='word_1_72' title='bbox 1034 1379 1158 1455; x_wconf 88' lang='lat' dir='ltr'><strong>Oreste</strong></span> <span class='ocrx_word' id='word_1_73' title='bbox 1187 1392 1259 1456; x_wconf 87' lang='lat' dir='ltr'><strong>erat</strong></span> 
     </span>
     <span class='ocr_line' id='line_1_11' title="bbox 142 1495 1258 1596; baseline 0.004 -28"><span class='ocrx_word' id='word_1_74' title='bbox 142 1495 354 1586; x_wconf 85' lang='lat' dir='ltr'><strong>Hermiona,</strong></span> <span class='ocrx_word' id='word_1_75' title='bbox 390 1496 468 1593; x_wconf 87' lang='lat' dir='ltr'><strong>quid</strong></span> <span class='ocrx_word' id='word_1_76' title='bbox 499 1519 582 1593; x_wconf 87' lang='lat' dir='ltr'><strong>opus</strong></span> <span class='ocrx_word' id='word_1_77' title='bbox 611 1502 703 1585; x_wconf 85' lang='lat' dir='ltr'><strong>erat,</strong></span> <span class='ocrx_word' id='word_1_78' title='bbox 737 1501 773 1567; x_wconf 89' lang='lat' dir='ltr'><strong>ut</strong></span> <span class='ocrx_word' id='word_1_79' title='bbox 796 1496 855 1568; x_wconf 89' lang='lat' dir='ltr'><strong>ille</strong></span> <span class='ocrx_word' id='word_1_80' title='bbox 879 1495 978 1569; x_wconf 88' lang='lat' dir='ltr'><strong>simul</strong></span> <span class='ocrx_word' id='word_1_81' title='bbox 1002 1495 1258 1596; x_wconf 80' lang='lat' dir='ltr'><strong>Neoptolemum</strong></span> 
     </span>
     <span class='ocr_line' id='line_1_12' title="bbox 144 1605 1258 1711; baseline 0.004 -26"><span class='ocrx_word' id='word_1_82' title='bbox 144 1616 189 1686; x_wconf 89' lang='lat' dir='ltr'><strong>ab</strong></span> <span class='ocrx_word' id='word_1_83' title='bbox 225 1605 370 1711; x_wconf 78' lang='lat' dir='ltr'><strong>Delphis</strong></span> <span class='ocrx_word' id='word_1_84' title='bbox 401 1611 615 1686; x_wconf 88' lang='lat' dir='ltr'><strong>occidendum</strong></span> <span class='ocrx_word' id='word_1_85' title='bbox 647 1610 806 1685; x_wconf 78' lang='lat' dir='ltr'><strong>curaretl</strong></span> <span class='ocrx_word' id='word_1_86' title='bbox 856 1612 998 1686; x_wconf 85' lang='lat' dir='ltr'><strong>Poterat</strong></span> <span class='ocrx_word' id='word_1_87' title='bbox 1025 1615 1113 1688; x_wconf 92' lang='lat' dir='ltr'><strong>enim</strong></span> <span class='ocrx_word' id='word_1_88' title='bbox 1146 1617 1258 1689; x_wconf 81' lang='lat' dir='ltr'><strong>uindi-</strong></span> 
     </span>
     <span class='ocr_line' id='line_1_13' title="bbox 142 1730 1258 1827; baseline 0.004 -23"><span class='ocrx_word' id='word_1_89' title='bbox 142 1755 226 1804; x_wconf 89' lang='lat' dir='ltr'><strong>care</strong></span> <span class='ocrx_word' id='word_1_90' title='bbox 253 1731 317 1803; x_wconf 91' lang='lat' dir='ltr'><strong>sibi</strong></span> <span class='ocrx_word' id='word_1_91' title='bbox 344 1731 527 1820; x_wconf 86' lang='lat' dir='ltr'><strong>mulierem,</strong></span> <span class='ocrx_word' id='word_1_92' title='bbox 554 1753 650 1827; x_wconf 83' lang='lat' dir='ltr'><strong>quam</strong></span> <span class='ocrx_word' id='word_1_93' title='bbox 671 1755 761 1802; x_wconf 87' lang='lat' dir='ltr'><strong>suam</strong></span> <span class='ocrx_word' id='word_1_94' title='bbox 789 1753 862 1804; x_wconf 86' lang='lat' dir='ltr'><strong>esse</strong></span> <span class='ocrx_word' id='word_1_95' title='bbox 885 1730 1112 1824; x_wconf 89' lang='lat' dir='ltr'><strong>contenderet,</strong></span> <span class='ocrx_word' id='word_1_96' title='bbox 1135 1741 1169 1807; x_wconf 88' lang='lat' dir='ltr'><strong>ot</strong></span> <span class='ocrx_word' id='word_1_97' title='bbox 1194 1760 1258 1808; x_wconf 87' lang='lat' dir='ltr'><strong>ex·</strong></span> 
     </span>
     <span class='ocr_line' id='line_1_14' title="bbox 142 1845 1258 1946; baseline 0.005 -26"><span class='ocrx_word' id='word_1_98' title='bbox 142 1856 300 1945; x_wconf 86' lang='lat' dir='ltr'><strong>spectare</strong></span> <span class='ocrx_word' id='word_1_99' title='bbox 333 1871 375 1919; x_wconf 87' lang='lat' dir='ltr'><strong>an</strong></span> <span class='ocrx_word' id='word_1_100' title='bbox 409 1871 481 1920; x_wconf 91' lang='lat' dir='ltr'><strong>eam</strong></span> <span class='ocrx_word' id='word_1_101' title='bbox 512 1847 713 1944; x_wconf 89' lang='lat' dir='ltr'><strong>repetiturus</strong></span> <span class='ocrx_word' id='word_1_102' title='bbox 745 1855 835 1920; x_wconf 88' lang='lat' dir='ltr'><strong>esset</strong></span> <span class='ocrx_word' id='word_1_103' title='bbox 858 1845 1111 1946; x_wconf 83' lang='lat' dir='ltr'><strong>Neoptolemus.</strong></span> <span class='ocrx_word' id='word_1_104' title='bbox 1157 1849 1258 1926; x_wconf 88' lang='lat' dir='ltr'><strong>Nunc</strong></span> 
     </span>
     <span class='ocr_line' id='line_1_15' title="bbox 143 1963 1258 2066; baseline 0.003 -28"><span class='ocrx_word' id='word_1_105' title='bbox 143 1975 257 2038; x_wconf 89' lang='lat' dir='ltr'><strong>autem</strong></span> <span class='ocrx_word' id='word_1_106' title='bbox 290 1965 373 2037; x_wconf 90' lang='lat' dir='ltr'><strong>istas</strong></span> <span class='ocrx_word' id='word_1_107' title='bbox 407 1963 546 2037; x_wconf 81' lang='lat' dir='ltr'><strong>insidias</strong></span> <span class='ocrx_word' id='word_1_108' title='bbox 573 1989 613 2038; x_wconf 89' lang='lat' dir='ltr'><strong>co</strong></span> <span class='ocrx_word' id='word_1_109' title='bbox 639 1965 780 2039; x_wconf 86' lang='lat' dir='ltr'><strong>consilio</strong></span> <span class='ocrx_word' id='word_1_110' title='bbox 807 1974 1079 2056; x_wconf 83' lang='lat' dir='ltr'><strong>commemoratas</strong></span> <span class='ocrx_word' id='word_1_111' title='bbox 1102 1991 1175 2040; x_wconf 86' lang='lat' dir='ltr'><strong>asse</strong></span> <span class='ocrx_word' id='word_1_112' title='bbox 1199 1992 1258 2066; x_wconf 86' lang='lat' dir='ltr'><strong>up·</strong></span> 
     </span>
     <span class='ocr_line' id='line_1_16' title="bbox 141 2078 1257 2181; baseline 0.004 -27"><span class='ocrx_word' id='word_1_113' title='bbox 141 2090 260 2181; x_wconf 86' lang='lat' dir='ltr'><strong>paret,</strong></span> <span class='ocrx_word' id='word_1_114' title='bbox 307 2091 343 2156; x_wconf 88' lang='lat' dir='ltr'><strong>ut</strong></span> <span class='ocrx_word' id='word_1_115' title='bbox 373 2105 462 2153; x_wconf 89' lang='lat' dir='ltr'><strong>mors</strong></span> <span class='ocrx_word' id='word_1_116' title='bbox 494 2078 707 2180; x_wconf 85' lang='lat' dir='ltr'><strong>Neoptolemi</strong></span> <span class='ocrx_word' id='word_1_117' title='bbox 742 2107 809 2155; x_wconf 92' lang='lat' dir='ltr'><strong>non</strong></span> <span class='ocrx_word' id='word_1_118' title='bbox 842 2084 942 2180; x_wconf 87' lang='lat' dir='ltr'><strong>plana</strong></span> <span class='ocrx_word' id='word_1_119' title='bbox 967 2107 1047 2158; x_wconf 86' lang='lat' dir='ltr'><strong>casu</strong></span> <span class='ocrx_word' id='word_1_120' title='bbox 1074 2085 1139 2158; x_wconf 87' lang='lat' dir='ltr'><strong>lroc</strong></span> <span class='ocrx_word' id='word_1_121' title='bbox 1167 2093 1257 2158; x_wconf 88' lang='lat' dir='ltr'><strong>tem·</strong></span> 
     </span>
     <span class='ocr_line' id='line_1_17' title="bbox 141 2199 1256 2299; baseline 0.002 -27"><span class='ocrx_word' id='word_1_122' title='bbox 141 2225 226 2299; x_wconf 88' lang='lat' dir='ltr'><strong>pura</strong></span> <span class='ocrx_word' id='word_1_123' title='bbox 267 2199 355 2273; x_wconf 86' lang='lat' dir='ltr'><strong>lacta</strong></span> <span class='ocrx_word' id='word_1_124' title='bbox 395 2206 509 2296; x_wconf 89' lang='lat' dir='ltr'><strong>posset</strong></span> <span class='ocrx_word' id='word_1_125' title='bbox 546 2200 725 2296; x_wconf 81' lang='lat' dir='ltr'><strong>consequi,</strong></span> <span class='ocrx_word' id='word_1_126' title='bbox 768 2200 977 2298; x_wconf 86' lang='lat' dir='ltr'><strong>lamentaque</strong></span> <span class='ocrx_word' id='word_1_127' title='bbox 1015 2200 1124 2274; x_wconf 91' lang='lat' dir='ltr'><strong>audiri</strong></span> <span class='ocrx_word' id='word_1_128' title='bbox 1156 2202 1256 2278; x_wconf 86' lang='lat' dir='ltr'><strong>Pelei</strong></span> 
     </span>
     <span class='ocr_line' id='line_1_18' title="bbox 143 2297 1255 2417; baseline 0.003 -26"><span class='ocrx_word' id='word_1_129' title='bbox 143 2319 246 2391; x_wconf 89' lang='lat' dir='ltr'><strong>caede</strong></span> <span class='ocrx_word' id='word_1_130' title='bbox 284 2297 415 2416; x_wconf 81' lang='lat' dir='ltr'><strong>nepotis</strong></span> <span class='ocrx_word' id='word_1_131' title='bbox 448 2316 578 2389; x_wconf 86' lang='lat' dir='ltr'><strong>aldicti.</strong></span> <span class='ocrx_word' id='word_1_132' title='bbox 643 2316 815 2414; x_wconf 86' lang='lat' dir='ltr'><strong>Repetirit</strong></span> <span class='ocrx_word' id='word_1_133' title='bbox 852 2316 939 2390; x_wconf 89' lang='lat' dir='ltr'><strong>huuc</strong></span> <span class='ocrx_word' id='word_1_134' title='bbox 975 2341 1045 2389; x_wconf 89' lang='lat' dir='ltr'><strong>rem</strong></span> <span class='ocrx_word' id='word_1_135' title='bbox 1073 2317 1255 2417; x_wconf 86' lang='lat' dir='ltr'><strong>Euripides</strong></span> 
     </span>
     <span class='ocr_line' id='line_1_19' title="bbox 142 2431 1255 2526; baseline 0.003 -20"><span class='ocrx_word' id='word_1_136' title='bbox 142 2435 177 2506; x_wconf 91' lang='lat' dir='ltr'><strong>iu</strong></span> <span class='ocrx_word' id='word_1_137' title='bbox 222 2441 372 2507; x_wconf 82' lang='lat' dir='ltr'><strong>extremo</strong></span> <span class='ocrx_word' id='word_1_138' title='bbox 413 2431 555 2526; x_wconf 88' lang='lat' dir='ltr'><strong>Oreste,</strong></span> <span class='ocrx_word' id='word_1_139' title='bbox 593 2433 700 2506; x_wconf 85' lang='lat' dir='ltr'><strong>¹raldo</strong></span> <span class='ocrx_word' id='word_1_140' title='bbox 742 2432 989 2506; x_wconf 87' lang='lat' dir='ltr'><strong>dissentientem</strong></span> <span class='ocrx_word' id='word_1_141' title='bbox 1028 2457 1049 2507; x_wconf 87' lang='lat' dir='ltr'><strong>a</strong></span> <span class='ocrx_word' id='word_1_142' title='bbox 1089 2436 1255 2509; x_wconf 88' lang='lat' dir='ltr'><strong>communi</strong></span> 
     </span>
     <span class='ocr_line' id='line_1_20' title="bbox 143 2545 1255 2652; baseline 0.004 -29"><span class='ocrx_word' id='word_1_143' title='bbox 143 2552 243 2624; x_wconf 87' lang='lat' dir='ltr'><strong>larua.</strong></span> <span class='ocrx_word' id='word_1_144' title='bbox 300 2548 509 2624; x_wconf 86' lang='lat' dir='ltr'><strong>Sclroliastes</strong></span> <span class='ocrx_word' id='word_1_145' title='bbox 543 2548 585 2622; x_wconf 88' lang='lat' dir='ltr'><strong>ad</strong></span> <span class='ocrx_word' id='word_1_146' title='bbox 611 2549 746 2624; x_wconf 86' lang='lat' dir='ltr'><strong>Orestis</strong></span> <span class='ocrx_word' id='word_1_147' title='bbox 775 2575 805 2625; x_wconf 85' lang='lat' dir='ltr'><strong>v.</strong></span> <span class='ocrx_word' id='word_1_148' title='bbox 835 2548 944 2624; x_wconf 78' lang='lat' dir='ltr'><strong>leta.</strong></span> <span class='ocrx_word' id='word_1_149' title='bbox 969 2549 1038 2623; x_wconf 83' lang='grc' dir='ltr'><strong>οὐκ</strong></span> <span class='ocrx_word' id='word_1_150' title='bbox 1070 2545 1255 2652; x_wconf 74' lang='grc' dir='ltr'><strong>ἐγάμησεν</strong></span> 
     </span>
     <span class='ocr_line' id='line_1_21' title="bbox 144 2664 1254 2762; baseline 0.005 -20"><span class='ocrx_word' id='word_1_151' title='bbox 144 2664 263 2760; x_wconf 81' lang='grc' dir='ltr'><em>αὐτὴν</em></span> <span class='ocrx_word' id='word_1_152' title='bbox 297 2664 394 2739; x_wconf 79' lang='grc' dir='ltr'><em>κατὰ</em></span> <span class='ocrx_word' id='word_1_153' title='bbox 425 2673 555 2762; x_wconf 80' lang='grc' dir='ltr'><em>τοῦτο,</em></span> <span class='ocrx_word' id='word_1_154' title='bbox 589 2665 646 2742; x_wconf 84' lang='grc' dir='ltr'><strong>ὅτι</strong></span> <span class='ocrx_word' id='word_1_155' title='bbox 672 2665 785 2742; x_wconf 81' lang='grc' dir='ltr'><em>τέκνα</em></span> <span class='ocrx_word' id='word_1_156' title='bbox 813 2666 883 2740; x_wconf 84' lang='grc' dir='ltr'><strong>οὐκ</strong></span> <span class='ocrx_word' id='word_1_157' title='bbox 908 2664 1006 2762; x_wconf 75' lang='grc' dir='ltr'><em>εἶχεν</em></span> <span class='ocrx_word' id='word_1_158' title='bbox 1030 2665 1099 2740; x_wconf 73' lang='grc' dir='ltr'><strong>ἀπ’</strong></span> <span class='ocrx_word' id='word_1_159' title='bbox 1125 2667 1254 2748; x_wconf 83' lang='grc' dir='ltr'><em>αὐτοῦ.</em></span> 
     </span>
     <span class='ocr_line' id='line_1_22' title="bbox 143 2777 1254 2883; baseline 0.003 -25"><span class='ocrx_word' id='word_1_160' title='bbox 143 2777 207 2858; x_wconf 75' lang='grc' dir='ltr'><strong>ναὶ</strong></span> <span class='ocrx_word' id='word_1_161' title='bbox 249 2783 269 2858; x_wconf 86' lang='grc' dir='ltr'><strong><em>ὅ</em></strong></span> <span class='ocrx_word' id='word_1_162' title='bbox 306 2781 379 2880; x_wconf 77' lang='grc' dir='ltr'><strong>μὲν</strong></span> <span class='ocrx_word' id='word_1_163' title='bbox 417 2783 621 2882; x_wconf 76' lang='grc' dir='ltr'><em>Εὐριπίδης</em></span> <span class='ocrx_word' id='word_1_164' title='bbox 657 2781 720 2857; x_wconf 78' lang='lat' dir='ltr'><strong>dod</strong></span> <span class='ocrx_word' id='word_1_165' title='bbox 758 2791 869 2860; x_wconf 83' lang='grc' dir='ltr'><strong><em>τοῦτο</em></strong></span> <span class='ocrx_word' id='word_1_166' title='bbox 910 2779 1126 2882; x_wconf 82' lang='grc' dir='ltr'><em>ἀνῃρῆσθαί</em></span> <span class='ocrx_word' id='word_1_167' title='bbox 1163 2808 1254 2883; x_wconf 87' lang='grc' dir='ltr'><em>φησι</em></span> 
     </span>
     <span class='ocr_line' id='line_1_23' title="bbox 143 2897 1256 3004; baseline 0.001 -27"><span class='ocrx_word' id='word_1_168' title='bbox 143 2902 210 2978; x_wconf 84' lang='grc' dir='ltr'><strong>τὸν</strong></span> <span class='ocrx_word' id='word_1_169' title='bbox 242 2897 502 2997; x_wconf 81' lang='grc' dir='ltr'><em>Νεοπτόλεμον</em></span> <span class='ocrx_word' id='word_1_170' title='bbox 527 2899 601 2975; x_wconf 76' lang='grc' dir='ltr'><strong>ὑπὸ</strong></span> <span class='ocrx_word' id='word_1_171' title='bbox 632 2907 711 2977; x_wconf 79' lang='grc' dir='ltr'><strong>τῶν</strong></span> <span class='ocrx_word' id='word_1_172' title='bbox 740 2905 915 3001; x_wconf 78' lang='grc' dir='ltr'><strong><em>Δελφῶν,</em></strong></span> <span class='ocrx_word' id='word_1_173' title='bbox 949 2901 1006 2976; x_wconf 84' lang='grc' dir='ltr'><strong>ὅτι</strong></span> <span class='ocrx_word' id='word_1_174' title='bbox 1037 2902 1256 3004; x_wconf 72' lang='grc' dir='ltr'><em>παρεγένετο</em></span> 
     </span>
     <span class='ocr_line' id='line_1_24' title="bbox 141 3014 1254 3118; baseline 0 -24"><span class='ocrx_word' id='word_1_175' title='bbox 141 3027 194 3104; x_wconf 71' lang='lat' dir='ltr'><strong>alc</strong></span> <span class='ocrx_word' id='word_1_176' title='bbox 224 3017 393 3118; x_wconf 76' lang='grc' dir='ltr'><em>Δελφοὺς</em></span> <span class='ocrx_word' id='word_1_177' title='bbox 429 3017 538 3100; x_wconf 75' lang='grc' dir='ltr'><em>δίκας</em></span> <span class='ocrx_word' id='word_1_178' title='bbox 574 3014 792 3113; x_wconf 78' lang='grc' dir='ltr'><em>ἀπαιτήσων</em></span> <span class='ocrx_word' id='word_1_179' title='bbox 823 3017 893 3094; x_wconf 86' lang='grc' dir='ltr'><strong>τὸν</strong></span> <span class='ocrx_word' id='word_1_180' title='bbox 922 3017 1017 3094; x_wconf 77' lang='grc' dir='ltr'><em>θεὸν</em></span> <span class='ocrx_word' id='word_1_181' title='bbox 1057 3016 1150 3118; x_wconf 75' lang='grc' dir='ltr'><em>ὑπὲρ</em></span> <span class='ocrx_word' id='word_1_182' title='bbox 1172 3028 1254 3115; x_wconf 72' lang='grc' dir='ltr'><strong>τῆς</strong></span> 
     </span>
     <span class='ocr_line' id='line_1_25' title="bbox 144 3127 1254 3234; baseline 0.001 -23"><span class='ocrx_word' id='word_1_183' title='bbox 144 3127 310 3231; x_wconf 54' lang='lat' dir='ltr'><strong>relevari&amp;</strong></span> <span class='ocrx_word' id='word_1_184' title='bbox 348 3142 417 3210; x_wconf 83' lang='grc' dir='ltr'><strong>τοῦ</strong></span> <span class='ocrx_word' id='word_1_185' title='bbox 453 3133 594 3232; x_wconf 76' lang='grc' dir='ltr'><em>πατρὸς</em></span> <span class='ocrx_word' id='word_1_186' title='bbox 632 3133 763 3208; x_wconf 81' lang='grc' dir='ltr'><em>αὑτοῦ.</em></span> <span class='ocrx_word' id='word_1_187' title='bbox 833 3131 1049 3233; x_wconf 76' lang='grc' dir='ltr'><em>Φερεκύδης</em></span> <span class='ocrx_word' id='word_1_188' title='bbox 1084 3132 1130 3234; x_wconf 71' lang='grc' dir='ltr'><strong>δέ</strong></span> <span class='ocrx_word' id='word_1_189' title='bbox 1163 3160 1254 3232; x_wconf 80' lang='grc' dir='ltr'><em>φησι</em></span> 
     </span>
     <span class='ocr_line' id='line_1_26' title="bbox 147 3245 1254 3353; baseline -0.001 -24"><span class='ocrx_word' id='word_1_190' title='bbox 147 3254 227 3353; x_wconf 78' lang='grc' dir='ltr'><em>περὶ</em></span> <span class='ocrx_word' id='word_1_191' title='bbox 264 3251 414 3328; x_wconf 75' lang='grc' dir='ltr'><em>παίδων</em></span> <span class='ocrx_word' id='word_1_192' title='bbox 451 3248 625 3349; x_wconf 84' lang='grc' dir='ltr'><em>χρησμὸν</em></span> <span class='ocrx_word' id='word_1_193' title='bbox 667 3253 847 3324; x_wconf 72' lang='grc' dir='ltr'><em>αἰτοῦντα</em></span> <span class='ocrx_word' id='word_1_194' title='bbox 888 3248 957 3326; x_wconf 84' lang='grc' dir='ltr'><strong>τὸν</strong></span> <span class='ocrx_word' id='word_1_195' title='bbox 994 3245 1254 3349; x_wconf 80' lang='grc' dir='ltr'><em>Νεοπτόλεμον</em></span> 
     </span>
     <span class='ocr_line' id='line_1_27' title="bbox 147 3362 1344 3470; baseline -0.001 -26"><span class='ocrx_word' id='word_1_196' title='bbox 147 3372 402 3468; x_wconf 79' lang='grc' dir='ltr'><em>ἀναιρεθῆναι.</em></span> <span class='ocrx_word' id='word_1_197' title='bbox 454 3368 531 3444; x_wconf 78' lang='grc' dir='ltr'><strong><em>ἐπεὶ</em></strong></span> <span class='ocrx_word' id='word_1_198' title='bbox 556 3365 810 3464; x_wconf 78' lang='grc' dir='ltr'><strong><em>Νεοπτόλεμος</em></strong></span> <span class='ocrx_word' id='word_1_199' title='bbox 831 3362 1028 3466; x_wconf 86' lang='grc' dir='ltr'><em>Ἑρμιόνην</em></span> <span class='ocrx_word' id='word_1_200' title='bbox 1052 3373 1167 3470; x_wconf 70' lang='grc' dir='ltr'><em>γαμεῖ</em></span> <span class='ocrx_word' id='word_1_201' title='bbox 1184 3367 1254 3466; x_wconf 84' lang='grc' dir='ltr'><strong>τὴν</strong></span> <span class='ocrx_word' id='word_1_202' title='bbox 1339 3467 1344 3469; x_wconf 62' lang='lat'>‚</span> 
     </span>
     <span class='ocr_line' id='line_1_28' title="bbox 148 3481 1255 3587; baseline 0.002 -25"><span class='ocrx_word' id='word_1_203' title='bbox 148 3483 359 3574; x_wconf 77' lang='grc' dir='ltr'><em>Μενελάου,</em></span> <span class='ocrx_word' id='word_1_204' title='bbox 394 3489 537 3583; x_wconf 75' lang='grc' dir='ltr'><em>ἔρχεται</em></span> <span class='ocrx_word' id='word_1_205' title='bbox 569 3489 619 3568; x_wconf 75' lang='grc' dir='ltr'><strong>εἷς</strong></span> <span class='ocrx_word' id='word_1_206' title='bbox 641 3481 812 3582; x_wconf 78' lang='grc' dir='ltr'><em>Δελφοὺς</em></span> <span class='ocrx_word' id='word_1_207' title='bbox 836 3483 919 3584; x_wconf 80' lang='grc' dir='ltr'><em>περὶ</em></span> <span class='ocrx_word' id='word_1_208' title='bbox 944 3483 1094 3562; x_wconf 73' lang='grc' dir='ltr'><em>παίδων</em></span> <span class='ocrx_word' id='word_1_209' title='bbox 1114 3485 1255 3587; x_wconf 49' lang='grc' dir='ltr'><em>χρησό“</em></span> 
     </span>
     <span class='ocr_line' id='line_1_29' title="bbox 149 3599 1252 3706; baseline 0 -28"><span class='ocrx_word' id='word_1_210' title='bbox 149 3629 271 3702; x_wconf 82' lang='grc' dir='ltr'><em>μενος·</em></span> <span class='ocrx_word' id='word_1_211' title='bbox 304 3601 446 3704; x_wconf 75' lang='grc' dir='ltr'><em>οὐγὰρ</em></span> <span class='ocrx_word' id='word_1_212' title='bbox 473 3603 577 3704; x_wconf 77' lang='grc' dir='ltr'><em>αὐτῷ</em></span> <span class='ocrx_word' id='word_1_213' title='bbox 602 3602 771 3706; x_wconf 77' lang='grc' dir='ltr'><em>ἐγένοντο</em></span> <span class='ocrx_word' id='word_1_214' title='bbox 796 3605 835 3686; x_wconf 77' lang='grc' dir='ltr'><strong>ἐξ</strong></span> <span class='ocrx_word' id='word_1_215' title='bbox 849 3599 1058 3700; x_wconf 75' lang='grc' dir='ltr'><em>Ἑρμιόνης·</em></span> <span class='ocrx_word' id='word_1_216' title='bbox 1089 3603 1154 3678; x_wconf 81' lang='grc' dir='ltr'><strong>καὶ</strong></span> <span class='ocrx_word' id='word_1_217' title='bbox 1181 3603 1252 3705; x_wconf 79' lang='grc' dir='ltr'><strong>ὁρᾷ</strong></span> 
     </span>
     <span class='ocr_line' id='line_1_30' title="bbox 150 3715 1252 3818; baseline -0.001 -22"><span class='ocrx_word' id='word_1_218' title='bbox 150 3720 241 3796; x_wconf 76' lang='grc' dir='ltr'><em>κατὰ</em></span> <span class='ocrx_word' id='word_1_219' title='bbox 274 3719 316 3796; x_wconf 79' lang='grc' dir='ltr'><strong>τὸ</strong></span> <span class='ocrx_word' id='word_1_220' title='bbox 346 3717 574 3818; x_wconf 81' lang='grc' dir='ltr'><em>χρηστήριον</em></span> <span class='ocrx_word' id='word_1_221' title='bbox 605 3720 696 3816; x_wconf 79' lang='grc' dir='ltr'><em>κρέα</em></span> <span class='ocrx_word' id='word_1_222' title='bbox 730 3715 1009 3817; x_wconf 75' lang='grc' dir='ltr'><em>διαρπάζοντας</em></span> <span class='ocrx_word' id='word_1_223' title='bbox 1043 3720 1132 3803; x_wconf 80' lang='grc' dir='ltr'><strong><em>τοὺς</em></strong></span> <span class='ocrx_word' id='word_1_224' title='bbox 1158 3726 1252 3795; x_wconf 82' lang='grc' dir='ltr'><strong>Δελ-</strong></span> 
     </span>
     <span class='ocr_line' id='line_1_31' title="bbox 152 3831 1254 3936; baseline -0.003 -23"><span class='ocrx_word' id='word_1_225' title='bbox 152 3835 258 3935; x_wconf 84' lang='grc' dir='ltr'><em>φούς,</em></span> <span class='ocrx_word' id='word_1_226' title='bbox 302 3837 515 3936; x_wconf 78' lang='grc' dir='ltr'><em>ἀφαιρεῖται</em></span> <span class='ocrx_word' id='word_1_227' title='bbox 546 3836 593 3912; x_wconf 84' lang='grc' dir='ltr'><strong>τὰ</strong></span> <span class='ocrx_word' id='word_1_228' title='bbox 618 3837 709 3936; x_wconf 83' lang='grc' dir='ltr'><em>κρέα</em></span> <span class='ocrx_word' id='word_1_229' title='bbox 745 3831 881 3917; x_wconf 81' lang='grc' dir='ltr'><em>αὐτούς</em></span> <span class='ocrx_word' id='word_1_230' title='bbox 888 3887 900 3921; x_wconf 88' lang='lat'><strong>,</strong></span> <span class='ocrx_word' id='word_1_231' title='bbox 935 3833 1053 3910; x_wconf 78' lang='grc' dir='ltr'><em>αὐτὸν</em></span> <span class='ocrx_word' id='word_1_232' title='bbox 1080 3834 1121 3909; x_wconf 80' lang='lat' dir='ltr'><strong>dd</strong></span> <span class='ocrx_word' id='word_1_233' title='bbox 1156 3837 1254 3910; x_wconf 83' lang='grc' dir='ltr'><em>κτεί-</em></span> 
     </span>
     <span class='ocr_line' id='line_1_32' title="bbox 146 3949 1253 4054; baseline -0.003 -24"><span class='ocrx_word' id='word_1_234' title='bbox 146 3983 199 4046; x_wconf 56' lang='grc' dir='ltr'><strong>,νει</strong></span> <span class='ocrx_word' id='word_1_235' title='bbox 218 3949 459 4052; x_wconf 77' lang='grc' dir='ltr'><em>Μαχαιρεύς,</em></span> <span class='ocrx_word' id='word_1_236' title='bbox 488 3952 508 4026; x_wconf 88' lang='grc' dir='ltr'>ὁ</span> <span class='ocrx_word' id='word_1_237' title='bbox 527 3951 676 4030; x_wconf 85' lang='grc' dir='ltr'><em>τούτων</em></span> <span class='ocrx_word' id='word_1_238' title='bbox 692 3951 828 4054; x_wconf 77' lang='grc' dir='ltr'><em>ἱερεύς,</em></span> <span class='ocrx_word' id='word_1_239' title='bbox 857 3949 922 4026; x_wconf 78' lang='grc' dir='ltr'><strong>καὶ</strong></span> <span class='ocrx_word' id='word_1_240' title='bbox 941 3951 1161 4048; x_wconf 79' lang='grc' dir='ltr'><em>κατορύσσει</em></span> <span class='ocrx_word' id='word_1_241' title='bbox 1181 3951 1253 4027; x_wconf 81' lang='grc' dir='ltr'><strong>αὖ·</strong></span> 
     </span>
     <span class='ocr_line' id='line_1_33' title="bbox 152 4067 1253 4170; baseline -0.003 -24"><span class='ocrx_word' id='word_1_242' title='bbox 152 4070 211 4148; x_wconf 86' lang='grc' dir='ltr'><strong>τὸν</strong></span> <span class='ocrx_word' id='word_1_243' title='bbox 235 4069 309 4146; x_wconf 81' lang='lat' dir='ltr'><strong>e‘nd</strong></span> <span class='ocrx_word' id='word_1_244' title='bbox 333 4069 401 4145; x_wconf 85' lang='grc' dir='ltr'><strong>τὸν</strong></span> <span class='ocrx_word' id='word_1_245' title='bbox 424 4068 542 4145; x_wconf 75' lang='grc' dir='ltr'><em>οὐδὸν</em></span> <span class='ocrx_word' id='word_1_246' title='bbox 566 4077 633 4170; x_wconf 77' lang='grc' dir='ltr'><strong>ταῦ</strong></span> <span class='ocrx_word' id='word_1_247' title='bbox 658 4067 742 4146; x_wconf 80' lang='grc' dir='ltr'><em>νεώ.</em></span> <span class='ocrx_word' id='word_1_248' title='bbox 803 4070 885 4144; x_wconf 72' lang='lat' dir='ltr'><strong>Alia</strong></span> <span class='ocrx_word' id='word_1_249' title='bbox 910 4070 958 4141; x_wconf 87' lang='lat' dir='ltr'><strong>ibi</strong></span> <span class='ocrx_word' id='word_1_250' title='bbox 983 4068 1173 4143; x_wconf 89' lang='lat' dir='ltr'><strong>testimonia</strong></span> <span class='ocrx_word' id='word_1_251' title='bbox 1198 4081 1253 4144; x_wconf 87' lang='lat' dir='ltr'><strong>at·</strong></span> 
     </span>
     <span class='ocr_line' id='line_1_34' title="bbox 153 4185 1254 4288; baseline -0.001 -26"><span class='ocrx_word' id='word_1_252' title='bbox 153 4191 222 4262; x_wconf 93' lang='lat' dir='ltr'><strong>tulit</strong></span> <span class='ocrx_word' id='word_1_253' title='bbox 246 4189 426 4262; x_wconf 86' lang='lat' dir='ltr'><strong>Matthiae.</strong></span> <span class='ocrx_word' id='word_1_254' title='bbox 474 4187 572 4260; x_wconf 85' lang='lat' dir='ltr'><strong>Hauc</strong></span> <span class='ocrx_word' id='word_1_255' title='bbox 597 4187 700 4287; x_wconf 77' lang='lat' dir='ltr'><strong>igitur</strong></span> <span class='ocrx_word' id='word_1_256' title='bbox 723 4186 946 4259; x_wconf 87' lang='lat' dir='ltr'><strong>narrationem</strong></span> <span class='ocrx_word' id='word_1_257' title='bbox 967 4185 1091 4283; x_wconf 85' lang='lat' dir='ltr'><strong>sprevit</strong></span> <span class='ocrx_word' id='word_1_258' title='bbox 1111 4185 1254 4288; x_wconf 87' lang='lat' dir='ltr'><strong>Euripi·</strong></span> 
     </span>
     <span class='ocr_line' id='line_1_35' title="bbox 154 4303 1253 4405; baseline 0 -27"><span class='ocrx_word' id='word_1_259' title='bbox 154 4305 221 4400; x_wconf 89' lang='lat' dir='ltr'><strong>des,</strong></span> <span class='ocrx_word' id='word_1_260' title='bbox 257 4305 359 4405; x_wconf 90' lang='lat' dir='ltr'><strong>quod</strong></span> <span class='ocrx_word' id='word_1_261' title='bbox 376 4305 427 4380; x_wconf 85' lang='lat' dir='ltr'><strong>sic</strong></span> <span class='ocrx_word' id='word_1_262' title='bbox 460 4312 494 4377; x_wconf 88' lang='lat' dir='ltr'><strong>et</strong></span> <span class='ocrx_word' id='word_1_263' title='bbox 519 4305 681 4379; x_wconf 88' lang='lat' dir='ltr'><strong>amantior</strong></span> <span class='ocrx_word' id='word_1_264' title='bbox 705 4303 906 4378; x_wconf 88' lang='lat' dir='ltr'><strong>Hermionae</strong></span> <span class='ocrx_word' id='word_1_265' title='bbox 932 4305 1175 4404; x_wconf 85' lang='lat' dir='ltr'><strong>spectatoribus</strong></span> <span class='ocrx_word' id='word_1_266' title='bbox 1201 4306 1253 4379; x_wconf 84' lang='lat' dir='ltr'><strong>ri-</strong></span> 
     </span>
    </p>
   </div>
   <div class='ocr_carea' id='block_1_3' title="bbox 0 0 1519 5140">
    <p class='ocr_par' dir='ltr' id='par_1_3' title="bbox 0 0 1519 5140">
     <span class='ocr_line' id='line_1_36' title="bbox 0 0 1519 5140; baseline 0 0"><span class='ocrx_word' id='word_1_267' title='bbox 0 0 1519 5140; x_wconf 95' lang='lat' dir='ltr'><strong> </strong></span> 
     </span>
    </p>
   </div>
  </div>
 </body>
</html>
