2994 5128
764 237 801 284 vl

219 427 283 497 quo
310 425 373 473 non
400 398 563 472 irmneritu
591 420 740 470 severum
757 393 992 493 Aristophanis
1017 392 1175 468 iudicium
1200 402 1253 469 est
1278 419 1346 469 ex-

108 551 109 556 *
217 534 344 622 pertus.
395 524 480 598 Nam
507 547 604 620 quum
631 531 750 595 natura
782 521 981 620 propensior
1013 521 1055 593 ad
1090 520 1260 618 quamdam
1287 531 1345 596 te-

217 653 377 724 nuitatem
411 658 445 723 et
471 651 706 742 subtilitatem,
747 671 854 744 neque
887 655 944 720 aut
975 655 1041 720 tam
1067 648 1204 720 excelso
1230 649 1344 721 animo

209 801 308 873 qnam
335 777 534 872 Aeschylus,
572 785 629 849 aut
654 785 719 848 tam
748 783 839 848 caste
865 783 1048 873 temperato
1079 774 1214 871 ingenio
1241 755 1342 871 quam

115 886 117 891 ¹
211 900 401 1000 Sophocles
425 911 534 994 esset,
561 926 601 975 eo
623 901 754 974 facilius
777 926 813 974 se
836 900 953 973 adduci
975 924 1092 999 passus
1116 908 1253 993 est‚.ut
1275 903 1344 973 ali-

213 1029 290 1125 quid
326 1029 365 1101 dc
399 1029 542 1126 pristina
581 1040 660 1100 cu‘ra
700 1027 937 1125 diligentiaque
977 1027 1173 1119 remitteret,
1214 1028 1343 1125 inagis-

214 1179 277 1252 que
321 1153 397 1251 quid
439 1155 643 1256 placiturum⁸
676 1155 801 1256 populu
841 1156 943 1245 esset,
984 1177 1081 1250 quam
1120 1152 1198 1250 quid
1239 1153 1339 1228 delue-

150 1347 153 1354 ,
212 1288 266 1353 ret
298 1281 431 1383 plaeere
467 1279 680 1378 spectandum
709 1287 852 1376 putaret.
911 1279 1023 1376 Atque
1051 1280 1085 1350 in
1108 1277 1231 1353 Oreste
1265 1282 1342 1378 qni-

214 1406 287 1478 dem
321 1432 386 1479 nun
418 1431 525 1505 qranea
557 1412 652 1498 sunt,
687 1430 770 1502 qnae
803 1405 832 1478 ai
868 1406 941 1503 quis
968 1405 1153 1478 accuratius
1188 1406 1341 1479 conside·

213 1541 285 1626 ret,
319 1558 385 1606 uon
411 1534 508 1607 modo
545 1558 610 1606 non
643 1531 825 1625 laudanda,
869 1532 1099 1605 verumetiam
1134 1533 1186 1604 vel
1218 1541 1255 1604 ut
1285 1533 1342 1606 in-

214 1660 311 1738 utilia
344 1661 397 1732 vol
433 1668 470 1733 nt
503 1659 684 1757 pugnantia
716 1683 789 1732 cum
824 1667 940 1732 natura
975 1658 1167 1755 tragoediae
1207 1659 1342 1757 vitupe-

214 1785 317 1880 randa
343 1811 418 1860 esse
443 1787 624 1882 intelligat.
672 1782 795 1858 Statim
821 1785 928 1882 ipsum
955 1785 1085 1860 fabulae
1112 1794 1340 1882 argumentum

214 1912 263 1986 ita
288 1921 512 2010 comparatum
539 1919 603 2004 cst,
630 1918 679 2004 ut,
707 1911 737 1984 si
762 1935 804 1983 eo
830 1910 1015 2008 modoque
1040 1911 1167 2008 placuit
1182 1910 1342 2010 Euripidi

214 2045 397 2133 tractetur,
432 2039 518 2112 lona
552 2036 727 2134 tragoedia
760 2038 914 2135 componi
939 2045 1094 2135 nequeat.
1145 2036 1212 2114 Est
1238 2039 1340 2130 enim,

215 2172 252 2246 ut
278 2164 471 2239 breuissime
498 2164 618 2256 dicam,
646 2164 789 2261 capitale
821 2165 1005 2262 pericnlum
1031 2162 1166 2240 Orestis
1194 2174 1229 2236 et
1253 2163 1342 2238 Ele·-

177 2390 180 2397 .
217 2300 308 2364 utrae
316 2342 328 2383 ,
362 2315 404 2366 ex
439 2316 504 2387 quo
531 2316 628 2388 quunr
654 2290 733 2364 illos
766 2292 876 2364 salvam
903 2290 1043 2366 euadere
1070 2295 1252 2388 oporteret,
1279 2316 1342 2366 eu-

217 2417 354 2492 randum
381 2426 453 2492 erat
478 2425 516 2492 ut
549 2426 583 2494 et
609 2425 697 2490 ruetn
723 2417 940 2523 implerentur
964 2425 1171 2515 spectatores
1196 2425 1231 2494 et
1255 2442 1343 2516 gau·-
1473 2441 1493 2478 τ

218 2543 334 2618 derant
358 2545 522 2618 liberatis.
573 2542 734 2619 Neutrum
762 2570 801 2621 eo
829 2570 895 2642 quo
924 2544 1139 2619 conueniebat
1164 2545 1261 2622 modo
1287 2546 1342 2618 ln·

218 2677 307 2750 ctum
332 2678 397 2766 est,
424 2672 507 2765 sive,
534 2679 571 2744 ut
596 2671 720 2746 rectius
747 2671 866 2762 dicam,
894 2695 960 2746 uon
978 2679 1030 2745 est
1054 2673 1186 2746 omnino
1202 2671 1340 2749 lactum.

217 2796 302 2870 Nam
329 2815 426 2896 quum
452 2797 535 2870 illud
563 2805 789 2892 argumentum
821 2798 905 2870 leaeo
929 2797 997 2872 dno
1022 2798 1117 2894 quasi
1143 2799 1254 2895 capita
1278 2799 1343 2874 lta·

217 2925 314 3016 leat,
333 2925 517 3021 pericnlum
544 2931 578 2994 ct
605 2923 834 2998 liberationem
861 2946 881 2996 a
905 2923 1070 3020 periculo,
1101 2949 1184 3021 quae
1210 2925 1250 3000 ad
1278 2949 1343 3021 po-

69 3057 72 3062 '
217 3051 315 3128 nauli
342 3050 598 3148 descriptionem
624 3050 805 3147 pertinent,
834 3051 944 3147 qualia
970 3051 1100 3126 tandem
1126 3044 1236 3134 aaut?
1257 3051 1342 3126 Ma·-

89 3168 91 3172 ’
218 3185 333 3255 ternae
360 3178 471 3252 caedis
496 3203 573 3254 rens
600 3175 757 3254 Orestem
791 3185 825 3254 et
849 3177 1021 3255 Electram
1052 3178 1174 3275 eapitis
1205 3178 1343 3254 danua-

219 3307 286 3380 turi
313 3314 389 3378 sunt
413 3306 546 3401 Argivi.
599 3305 755 3380 Metunut
779 3305 883 3402 igitur
899 3302 1040 3382 Orestes
1066 3313 1101 3378 ut
1122 3304 1262 3382 Electra
1285 3305 1343 3379 in·

220 3437 361 3506 stantem
395 3430 457 3502 silri
490 3439 640 3504 mortem.
703 3429 803 3504 Hune
843 3437 964 3506 maturo
996 3430 1128 3508 videtur
1158 3430 1341 3530 Euripides

221 3581 296 3632 eum
321 3580 362 3628 uo
387 3563 475 3631 metu
502 3555 705 3649 confudisse,
740 3556 856 3652 quiin
884 3557 1002 3634 animis
1028 3566 1250 3656 spectatorum
1278 3580 1342 3636 ex·

222 3682 319 3758 citari
345 3683 496 3775 delebat,
523 3691 738 3780 putasseque,
763 3684 792 3758 si
819 3684 961 3761 Orestes
987 3693 1022 3761 et
1047 3684 1187 3760 Electra
1211 3693 1343 3763 metue·

221 3817 319 3903 ront,
359 3834 433 3886 eum
465 3817 585 3884 ructum
621 3810 719 3884 etiam
751 3809 792 3888 ad
829 3818 1036 3908 spectatores
1061 3814 1241 3909 pertinere.
1291 3811 1342 3886 At

220 3937 287 4014 lroo
318 3962 415 4010 secus
447 3945 511 4010 est.
569 3935 654 4012 Nam
687 3934 829 4013 Orestes
861 3945 896 4015 et
926 3937 1067 4014 Electra
1097 3938 1163 4016 iam
1196 3946 1274 4012 sunt
1304 3939 1343 4046 iu

222 4072 329 4142 metu:
370 4071 576 4162 spectatores
609 4064 692 4138 uilril
725 4064 814 4138 aliud
841 4089 936 4162 quum
970 4064 1081 4141 vident
1105 4065 1168 4142 los
1193 4072 1343 4140 metuere

220 4191 405 4288 iustamque
438 4189 605 4266 metuendi
639 4213 788 4268 caussam
814 4192 954 4282 halere3
987 4191 1054 4290 ipsi
1087 4217 1153 4268 non
1179 4199 1341 4266 metuunt.

219 4317 305 4392 Nam
332 4325 369 4392 nt
394 4341 468 4393 cnm
493 4318 605 4414 aliquo
637 4325 672 4390 et
697 4318 739 4396 de
764 4343 805 4394 eo
831 4327 1033 4412 metuamus,
1073 4345 1140 4395 nou
1172 4320 1255 4400 satis
1288 4326 1343 4396 est

221 4444 307 4516 scire
340 4444 432 4516 illum
466 4443 500 4516 in
533 4454 620 4520 uretn
652 4469 747 4538 esse,
787 4445 847 4520 sed
878 4427 1060 4522 infortunio
1092 4446 1164 4524 eins
1197 4446 1246 4518 ita
1278 4470 1342 4522 nos
