3026 5134
756 227 857 346 ‚aa

187 495 248 556 260
361 470 490 574 καὶτὸ
515 467 675 573 θεόθεν·
703 470 748 546 οὐ
773 467 1006 572 χάράδικον

359 604 408 682 εἷς
434 597 564 699 ἀγῶνα
588 593 706 672 τάνδ’1
727 597 882 673 ένοπλον
908 593 1031 695 δρμδιν

358 729 445 809 παῖς
469 721 680 822 μετέρχεται
706 718 857 819 δόμους.

605 919 1023 999 ΠΟΛΥΝΕΙΚΗΣ.

256 1101 305 1177 τὰ
329 1099 400 1198 μὲν
426 1107 612 1199 πυλωρῶν
635 1095 785 1198 κλῇθρά
809 1100 851 1196 μ’
881 1097 1077 1206 ελςεδέξατο
1107 1201 1111 1208 Ι

260 1228 310 1303 δι’
341 1225 545 1316 εὐπετείας,
570 1224 719 1321 τειχέων
745 1227 816 1300 έσω
842 1231 980 1323 μολεῖν.

187 1355 281 1433 2656
306 1353 368 1429 καὶ
395 1351 544 1427 δέδοικα
569 1350 620 1450 μή
633 1381 691 1451 -με
718 1347 882 1427 δικτύων
907 1353 980 1426 έοω

259 1477 436 1580 λαβόντες
462 1479 534 1554 οὐκ·
553 1478 716 1578 όκφρῶδ
747 1475 980 1573 ἀναίμακτον
1001 1475 1109 1577 χρόα.

260 1601 316 1683 ὧν
342 1605 462 1681 οὕνεκ’
494 1606 597 1702 όμμα
623 1611 792 1700 πανταχῇ
820 1601 1016 1692 διοιστέον,
1180 1593 1183 1597 ’

259 1732 403 1808 κάκεῖσε
428 1729 491 1805 καὶ
516 1731 559 1804 τό
586 1731 716 1837 δεῦρο,
743 1729 794 1827 μὴ
822 1726 930 1818 δόλος
955 1758 1010 1813 τις
1034 1725 1069 1826 ᾖ.

347 2017 501 2082 266.Α16.
524 2030 549 2078 ct
571 2019 645 2082 codd.
668 2022 722 2079 fere
743 2014 893 2086 comesuri
915 2015 974 2102 γάρ
997 2013 1104 2078 άδικον
1123 2011 1376 2098 εδςάχῶνατόνδ
1485 2041 1486 2056 ¹

261 2099 387 2176 ἔνοπλος
423 2098 506 2188 ὁρμᾷ
530 2110 610 2177 παῖς,
639 2097 672 2176 ὃς
701 2101 876 2185 μετέρχεται
905 2097 1029 2182 δόμους.
1072 2104 1133 2164 Duo
1160 2105 1236 2163 codd.
1263 2097 1378 2175 ἄδικος,

170 2231 171 2236 κ
260 2200 314 2250 tres
345 2193 398 2260 alii,
429 2194 581 2248 nominatior
608 2190 681 2248 Flor.
710 2189 739 2248 2.
766 2192 837 2249 Vict.
865 2191 949 2248 Taur.
977 2184 1113 2266 ἔνοπλον,
1134 2209 1237 2266 rursum
1259 2198 1312 2247 tres
1334 2192 1379 2248 alii

259 2257 395 2353 δρμᾶται
423 2279 505 2345 παῖς.
548 2276 678 2351 Perpauci
705 2278 827 2333 omittunt
848 2279 930 2346 παῖς,
951 2295 1016 2351 quos
1038 2275 1156 2344 thius,
1177 2273 1302 2353 Kingius‚
1323 2276 1379 2331 alii·

261 2381 311 2437 que
338 2362 421 2417 secuti
450 2370 519 2417 sunt.
562 2360 690 2437 Displicet
717 2360 813 2430 hiatus,
841 2381 889 2420 nec
915 2363 1026 2436 speciem
1055 2362 1274 2434 interpretationis
1301 2357 1379 2417 hahet

260 2449 340 2515 παῖς.
404 2443 549 2502 Ritschlius
582 2449 609 2502 in
638 2443 741 2501 schedis
774 2448 871 2504 criticis
903 2465 928 2520 p.
962 2439 1012 2502 25.
1045 2463 1075 2501 sc
1108 2448 1251 2501 coniunctis
1285 2444 1380 2501 studiis

261 2550 319 2587 cunr
342 2531 424 2586 amico
454 2528 569 2585 diversas
601 2533 743 2605 scripturas
775 2529 824 2587 hac
855 2535 955 2588 ratione
989 2529 1143 2586 conciliasse
1173 2531 1292 2603 scripsit:
1339 2525 1381 2599 εἰς

261 2608 364 2693 ἀγῶνα
385 2604 470 2672 τόνδ’
496 2607 620 2684 ἔνοπλος
642 2606 724 2697 ὁρμᾷ
746 2617 818 2684 παῖς
837 2609 1012 2693 μετέρχεται
1035 2604 1159 2712 δόμους.
1204 2613 1309 2670 Partem
1330 2611 1380 2670 hos

260 2703 316 2757 reri
341 2697 441 2755 vidisse
461 2706 532 2773 puto,
560 2718 637 2774 quum
658 2718 761 2764 nornen,
783 2719 834 2755 non
856 2701 959 2755 verbum
983 2717 1041 2756 esse
1063 2698 1145 2782 ορμᾷ
1166 2699 1313 2767 voluerunt,
1333 2697 1380 2754 sed

261 2792 347 2842 tamen
369 2803 420 2840 non
443 2785 508 2838 satis
528 2785 652 2860 tragicam
675 2789 721 2839 aut
740 2785 864 2858 poeticam
886 2781 1005 2838 effecisse
1027 2785 1178 2841 orationem.
1211 2781 1380 2840 Scribendum

261 2877 318 2925 erat
344 2861 380 2926 οὗ
394 2860 465 2968 ’γάρ
488 2859 594 2925 άδικον
615 2865 657 2937 εἷς
678 2859 781 2945 ιλχῶνα
802 2859 890 2924 τάνδ’
915 2859 1042 2925 ἔνοπλον
1064 2859 1163 2948 ὁρμάν
1184 2870 1256 2937 παῖς
1275 2862 1380 2946 μετέρ-

258 2972 345 3029 χεται
367 2947 490 3024 δαμους.
837 2977 840 2980 ·
932 2960 933 2964 ’

346 3055 418 3116 263.
439 3057 511 3116 Flor.
534 3055 583 3116 10.
606 3055 656 3121 33.
678 3059 760 3118 Taur.
782 3059 849 3119 Ven.
872 3079 895 3118 a.
918 3059 1041 3140 κλῇθρα
1062 3081 1108 3138 pro
1128 3060 1269 3139 κλεῖθρα.
1353 3115 1357 3124 ,
1485 3087 1486 3120 1

347 3140 419 3201 264.
440 3143 513 3202 Flor.
541 3142 590 3214 10.
618 3142 668 3204 33.
696 3154 722 3202 et
748 3145 814 3204 Van.
844 3165 867 3203 a.
896 3137 956 3204 ἴσω
981 3166 1027 3222 pro
1055 3140 1134 3204 edre).
1177 3145 1328 3224 Disputavit
1348 3143 1380 3204 de

260 3227 352 3300 haruin
381 3229 522 3286 formarum
551 3229 619 3307 apud
645 3234 758 3308 tragicos
780 3250 831 3289 usu
853 3230 995 3289 lllursleius
1018 3229 1052 3287 ad
1073 3229 1145 3288 Med.
1167 3227 1217 3287 88.
1241 3235 1284 3306 qui
1306 3235 1330 3288 si
1352 3235 1379 3289 in

260 3321 410 3372 universum
438 3323 506 3371 recte
533 3324 646 3371 statuere
672 3315 781 3383 videtur,
808 3317 851 3371 ubi
872 3335 918 3390 per
940 3324 1047 3372 metrum
1069 3316 1159 3372 liceret
1180 3309 1251 3374 εἴσω
1272 3335 1381 3391 usurpa·

261 3407 317 3454 tum
339 3416 407 3465 esse,
440 3417 491 3454 nou
514 3397 614 3454 credam
636 3405 722 3454 taureu
744 3398 811 3456 lranc
832 3400 946 3474 regulam
970 3408 1021 3456 tarn
1044 3419 1103 3458 esse
1125 3408 1273 3456 constanter
1295 3402 1380 3458 obser·

260 3490 355 3550 ratam,
387 3489 488 3537 utnon
511 3484 588 3537 eliam
610 3482 653 3538 ubi
674 3486 781 3542 suavius
802 3481 835 3538 ad
857 3503 934 3540 aures
957 3484 1084 3542 accideret
1104 3477 1164 3556 ἴσον
1186 3484 1306 3542 dixerint.
1348 3484 1380 3541 ld

261 3569 289 3625 in
309 3565 380 3622 hunc
400 3565 484 3622 locum
507 3565 584 3622 cadit.

347 3669 417 3731 266.
438 3673 514 3730 Libri
535 3667 572 3732 οό
592 3675 731 3750 μεθῶσιν
753 3682 779 3733 et
800 3669 836 3735 οό
857 3673 992 3752 peada&
1034 3677 1193 3735 scholiastes
1214 3677 1270 3736 cod
1291 3675 1379 3735 Havn.

262 3753 296 3818 oi*
311 3752 367 3832 μὲν
387 3749 559 3838 γράφουσιν
580 3753 647 3818 οὐκ
669 3757 868 3839 ἒκφρῶσιν.
892 3757 921 3820 οἳ
944 3746 999 3820 οὗν
1018 3753 1179 3841 δποκριταλ
1202 3755 1299 3820 διὰτὸ
1312 3759 1380 3832 δας-

261 3837 393 3920 έκφορον
410 3835 655 3916 μεταπλάττουσι
669 3839 725 3923 τὴν
746 3842 833 3917 λέξιν.
856 3845 905 3905 καλ
932 3838 1093 3918 Φιλόξενος
1114 3843 1147 3906 ἐν
1165 3847 1210 3928 τῷ
1233 3843 1299 3926 περὶ
1320 3866 1380 3920 μο-

261 3918 459 4002 νοσυλλάβαιν
486 3921 646 4010 ῥημάτων,
674 3923 722 3990 ὅτε
750 3925 952 4008 διαλαμβάνει
974 3929 1039 4010 περλ
1061 3932 1128 3991 τοῦ,
1147 3931 1239 4012 φρῶ,
1263 3923 1380 4008 ταάτην

259 4004 317 4085 τὴν
334 4013 444 4088 χρῆσιν
465 4011 568 4092 φησίν.
589 4015 701 4074 Photiue
711 4037 737 4093 p.
755 4014 827 4085 359,
836 4014 867 4074 8.
890 4009 957 4075 οόκ
978 4013 1182 4096 ἐκφρῶοιν.
1197 4013 1377 4096 Σοφοκλῆς.

259 4093 321 4154 Hoc
341 4098 526 4157 restituendum
549 4119 608 4158 esse
628 4105 698 4178 prior
719 4099 771 4158 Th.
794 4100 924 4177 Berglriua
945 4101 1052 4170 viderat,
1073 4120 1149 4176 qnam
1171 4102 1205 4158 G.
1226 4101 1377 4158 [lindorlius

259 4183 288 4238 in
308 4183 391 4258 prael.
418 4192 486 4261 poet.
516 4204 587 4243 scen.
608 4207 634 4262 p.
658 4184 707 4243 29.
731 4191 774 4261 qui
797 4185 956 4243 dubitantius
977 4186 1092 4260 loquitur
1112 4191 1139 4242 in
1162 4185 1287 4262 Stephani
1309 4183 1378 4242 Tlre·

260 4283 347 4328 ττιιτο.
389 4266 475 4345 Prope
494 4289 583 4327 verum
606 4269 772 4327 coniectando
794 4280 938 4328 accesserat
959 4269 1148 4328 Valckenarius
1169 4273 1196 4328 in
1213 4270 1378 4328 adnotatione

260 4350 294 4407 ad
315 4349 440 4409 scholion.

347 4433 418 4493 267.
440 4435 502 4494 ald.
524 4437 675 4515 πανταχῇ.
697 4437 818 4513 Plerique
840 4440 914 4498 codd.
937 4439 1104 4518 πανταχοῦ.
1126 4439 1190 4496 lude
1210 4441 1265 4497 veri
1294 4438 1378 4496 sinrile

262 4524 304 4575 est
324 4523 448 4597 seriptum
469 4522 555 4579 fuisse
571 4524 729 4598 πανταχοῖ.
