3022 5140
687 336 689 346 ⁴
795 307 845 384 tt

267 495 340 564 νῦν
368 487 394 564 ἀ
397 489 408 516 ³
436 487 556 586 ἒχθρά
578 493 691 564 ποιεῖ·
724 488 793 586 τήν
818 487 1024 578 ἐπεξελθεῖν
1049 496 1149 577 θέλω

268 609 583 712 στρατηλατήσας,
605 615 843 716 χάποχείριον
868 619 1007 716 λαβεῖν.

270 739 363 814 ὅταν
387 737 429 814 ἀὲ
453 738 559 812 τάκεῖ
582 740 645 813 dat
669 740 765 814 κατὰ
791 740 947 844 μνιόμην
972 742 1084 841 ἐμήν,
1107 787 1110 795 ν

197 863 353 959 725ήξω.
386 863 519 963 παρών
543 862 585 939 ἀὲ
610 863 702 962 πρὸς
725 864 924 964 παρόντας.
938 871 1114 968 ἐμφανῶς

265 987 460 1092 ’γαμβροὺς
483 985 625 1073 duddan
649 988 713 1064 καὶ
732 975 931 1092 ἀιάἀξομαι
955 990 1097 1098 λόγους.

266 1112 341 1190 κάν
364 1113 435 1210 μὲν
459 1111 596 1211 κολάζῃ
619 1110 748 1209 τήνάε,
773 1117 837 1192 καὶ
861 1118 904 1194 τὸ
931 1118 1104 1216 λοιπὸνῇ

267 1235 452 1339 σώφρων,
478 1241 573 1314 καθ’
598 1239 698 1337 ἡμεῖς
722 1238 893 1341 σώφρον’
921 1213 1168 1345 ἀνάιλήψεται.

267 1361 508 1462 θυμούμενος
531 1363 573 1440 ἀὲ
597 1361 760 1451 τεύξεται
784 1370 1058 1467 θυμουμένων,

197 1492 406 1593 73οἐρψοισι
430 1489 470 1566 θ’
495 1491 585 1594 ἔργα
610 1487 758 1588 desitos
785 1489 1033 1594 ἀντιλήψεται.
1114 1541 1118 1548 ‚

266 1861 341 1900 anno
367 1853 483 1922 quarte,
517 1861 573 1920 qun
602 1852 728 1920 tempore
756 1841 921 1904 Alcibiades
950 1843 1061 1915 effecit,
1098 1852 1129 1900 ut
1148 1841 1251 1922 Argivi
1272 1842 1371 1903 foedus

267 1926 394 1986 facerent
414 1945 477 1984 curn
493 1921 733 1983 Atheniensibus:
758 1923 792 1984 de
807 1946 862 2005 qna
877 1946 909 1986 re
925 1927 1055 2006 exposuit
1066 1923 1247 2007 'llrucydides
1259 1925 1301 1988 V.
1317 1927 1368 1991 43.

266 2028 347 2089 seqq.
390 2007 486 2086 Argos
503 2011 577 2086 erge
599 2006 668 2066 dicit
688 2010 742 2066 isto
762 2003 848 2082 πόλις
866 2031 911 2082 τις
930 2009 1091 2069 Menelaus.

348 2131 423 2194 722.
466 2128 536 2190 Ald.
559 2131 624 2190 rell.
647 2131 732 2208 Lasc.
756 2141 786 2192 et
803 2129 872 2190 Par.
890 2129 930 2194 Α.
948 2131 986 2191 Ε.
1011 2125 1091 2211 τήνδ’
1106 2129 1268 2206 ἐπεξελθεῖν
1282 2131 1375 2195 θέλω..

265 2213 335 2274 Par.
358 2214 395 2273 B.
417 2213 458 2273 D.
481 2214 562 2273 Flor.
585 2213 625 2273 Α.
652 2216 702 2278 10.
726 2215 777 2278 15.
801 2217 894 2294 pravis
916 2216 1039 2276 numeris
1058 2208 1140 2301 τήνδ’
1164 2214 1296 2278 ἐπελθεῖν
1315 2207 1370 2278 οὖν

264 2296 361 2373 θέλω,
381 2296 455 2376 quod
476 2298 576 2356 melius
597 2298 687 2356 visum
707 2297 874 2377 Musgravie
896 2300 992 2358 nescio
1014 2318 1070 2377 qna
1091 2318 1191 2358 caussa
1212 2301 1371 2379 receperint

195 2455 196 2463 ρ
264 2379 418 2441 Dindorlii.
461 2377 570 2460 Aperte
600 2400 635 2440 ea
663 2381 738 2442 mala
767 2383 907 2442 correctio
935 2393 979 2451 est
999 2382 1128 2454 metrici,
1160 2384 1208 2461 qui
1237 2381 1371 2444 ἐπελθεῖν

265 2465 400 2544 scriptum
425 2465 453 2524 in
475 2485 527 2523 sue
548 2465 620 2524 lilro
638 2465 802 2524 invenisset.
845 2465 901 2526 Est
916 2477 1008 2524 autern
1030 2465 1114 2524 etiam
1133 2461 1215 2545 τήνδ’
1233 2468 1368 2546 ineptum.

265 2547 334 2608 Non
355 2559 448 2628 potest
470 2546 599 2610 dubitare
621 2550 668 2628 qui
689 2549 811 2627 aliquem
828 2568 908 2608 usum
924 2561 1070 2628 poetarum
1093 2547 1187 2623 hahet,
1211 2551 1279 2628 quin
1301 2551 1371 2608 scri-

265 2633 355 2711 pserit
374 2629 527 2711 Euripides
547 2625 601 2712 τήν
621 2629 784 2706 ἐπεξελθεῖν
800 2629 900 2708 θέλω,
922 2633 943 2690 i.
962 2651 989 2691 e.
1012 2627 1059 2711 ήν.

349 2755 423 2818 723.
468 2752 543 2826 ΙΑλιλ.
582 2755 646 2812 rell.
685 2749 913 2835 στρατηλατήσας
949 2751 1025 2828 ἀςθ’
1064 2749 1229 2835 ὑποχείριον
1264 2753 1370 2833 λαβεῖν.

265 2838 347 2899 Fler.
369 2837 410 2896 Α.
434 2833 504 2909 ἀςτε
523 2836 621 2915 λαβεῖν
640 2830 812 2918 ὑποχείριον.
855 2836 924 2898 Par.
939 2838 985 2897 ·Β.
1008 2837 1049 2897 Ι).
1073 2839 1153 2898 Fler.
1178 2839 1225 2900 10.
1248 2839 1299 2900 15.
1321 2837 1372 2899 καὶ

264 2924 364 3002 λαβεῖν
391 2914 563 3001 ὑποχείριον.
612 2919 707 2978 Havn.
736 2918 787 2980 παλ
813 2914 979 3001 όποχελρων
1004 2922 1111 3002 λαβεῖν.
1162 2920 1258 2981 Guelf.
1280 2921 1369 2980 Taur.

264 3000 308 3110 τ’,
321 2998 486 3083 ἀποκείρων
505 3003 612 3082 λαβεῖν.
660 3001 729 3100 l’ar.
753 3003 792 3061 Α.
822 3001 860 3062 Ε.
892 3004 972 3102 λλον.
1002 3007 1034 3068 2.
1072 2999 1372 3102 Vict.13asc.pdne-

264 3086 784 3232 ltltlllltnlttllttlll
803 3085 960 3232 litt.
980 3110 1013 3252 d·
1031 3088 1372 3252 ἀῖῖλμῗήξήλῖλῖζ

264 3254 345 3333 βεῖν,
375 3251 450 3334 quod
473 3264 642 3332 receperunt
661 3251 816 3312 Dindorlii.
889 3291 892 3303 ‹
1352 3301 1359 3312 .

341 3378 421 3440 728.
464 3375 721 3456 Interpungeltatur
742 3377 802 3435 sic:
826 3370 883 3438 κάν
896 3374 951 3480 μὲν
965 3370 1070 3460 κολάζψ
1082 3370 1177 3456 τήνδε,
1199 3374 1249 3438 καλ
1263 3371 1296 3438 τό
1312 3381 1370 3437 λοι-

264 3451 364 3548 πάνή
389 3453 514 3541 σαόφρων
533 3457 605 3521 καθ’
628 3453 715 3538 ήμᾶς,
737 3453 864 3541 σώφρον’
889 3455 1083 3538 ἀντιλήψεται.
1134 3457 1168 3518 ld
1188 3479 1244 3518 nnn
1265 3471 1369 3538 potest,

265 3542 340 3622 quod
368 3544 485 3615 volunt,
523 3543 684 3620 significare
713 3545 854 3602 modestus
881 3561 1037 3619 organas.
1082 3540 1286 3620 Coniungenda
1307 3554 1373 3601 sunt

263 3621 338 3689 καθ’
360 3620 439 3709 ήμᾶς
459 3620 588 3708 σώφρον’
615 3619 810 3704 ἀντιλήψεται,
831 3622 906 3704 quod
927 3635 971 3684 est
992 3645 1010 3684 ο
1033 3636 1133 3685 nestra
1150 3636 1245 3704 purte.
1285 3623 1373 3684 Attu-

264 3710 299 3769 lit
319 3708 456 3790 quaedam
478 3729 534 3768 nnn
555 3707 701 3768 dissimilia
722 3707 884 3768 Lebeckins
904 3707 941 3766 ad
961 3705 1047 3767 Aiac.
1065 3711 1138 3772 775.
1182 3707 1278 3786 Magis
1295 3728 1373 3768 cern-

264 3795 360 3874 parari
376 3804 470 3873 potest
485 3793 539 3852 hoc
561 3794 590 3851 in
605 3791 696 3851 Aiace
712 3813 740 3851 v.
762 3793 853 3854 1308.
877 3786 913 3852 σὺ
930 3788 962 3853 ἀὲ
978 3786 1053 3872 ἀνήρ
1073 3785 1148 3852 καθ’
1166 3784 1244 3869 ήμᾶς
1265 3785 1373 3864 ἐσθλός

265 3872 308 3942 dv
330 3876 483 3952 ἐπίστασο,
504 3876 577 3935 male
598 3874 669 3935 illud
689 3875 858 3954 explicatum
883 3874 1109 3954 aMoschnpulo
1132 3872 1237 3934 Sched.
1260 3895 1290 3954 p.
1317 3877 1369 3938 27.

266 3960 341 4042 quod
358 3961 430 4021 verti
450 3970 544 4041 potest
563 3970 664 4020 nostra
684 3960 836 4018 sementen.

346 4083 420 4146 720.
442 4079 517 4145 730.
560 4079 619 4140 Pro
638 4077 834 4158 θυμουμένων
853 4078 922 4138 Par.
947 4079 984 4138 B.
1008 4079 1088 4138 Flor.
1107 4079 1159 4142 10.
1177 4080 1228 4142 15.
1259 4085 1373 4159 θυμου-

265 4167 386 4246 μένους,
413 4162 489 4244 quod
515 4166 623 4243 recepit
643 4163 822 4242 Lentingius.
880 4162 986 4222 Omissi
1007 4163 1037 4221 hi
1057 4181 1156 4220 versus
1179 4163 1207 4220 in
1227 4163 1308 4222 Flor.
1331 4160 1372 4221 Α.

264 4251 313 4328 qui
335 4249 516 4307 vitiosissime
535 4249 657 4326 scriptus
679 4257 733 4319 εει,
758 4265 856 4305 errore
872 4257 936 4304 orto
950 4264 986 4304 en
1002 4244 1108 4324 duplici
1124 4241 1321 4325 ἀντιλήψεται,
1342 4255 1375 4304 ut

263 4332 471 4394 Valckenarius
488 4329 524 4389 ad
539 4329 650 4388 Phoen.
669 4331 742 4392 360.
760 4329 930 4388 observavit.
973 4326 1007 4387 ld
1028 4329 1097 4388 satis
1113 4339 1186 4399 erat,
1202 4349 1257 4392 non
1273 4330 1370 4398 etiam,

264 4427 297 4476 ut
323 4413 398 4494 apud
426 4413 606 4492 Lentinginm
638 4429 750 4472 uersum
773 4413 847 4476 730.
876 4413 1000 4490 spurium
1030 4413 1111 4472 etin
1136 4413 1189 4470 lnac
1207 4409 1275 4470 sede
1299 4411 1374 4489 puti-

264 4499 329 4559 dum
355 4506 480 4556 vocaret.
