2944 5128
839 308 890 386 92

297 509 356 584 ἐπὶ
380 508 477 607 τῷδε
503 506 539 584 δ’
568 504 721 611 ἠγόρευε
746 503 936 604 Διομήδης
961 508 1066 594 ἄναξ.

298 629 405 721 οὗτος
429 639 578 711 κτανεῖν
603 632 674 729 μὲν
700 633 784 710 οὔτε
809 635 846 708 δ’
876 635 960 710 οὔτε
986 630 1175 738 σύγγονον

225 767 367 852 moria
394 769 496 865 φυγῇ
523 759 564 837 δὲ
591 760 815 857 ζημιοῦντας
838 762 1015 861 εὐσεβεῖν.
1210 742 1215 744 “

132 877 135 882 ’
296 889 377 964 λαοὶ
404 888 442 964 δ’
471 884 725 986 ἐπερρόθησαν
750 886 801 972 uic
824 895 946 973 καλῶς
969 888 1079 989 λε’γοι,

296 1019 332 1091 οἳ
358 1016 394 1092 δ’
426 1016 494 1091 οὐκ
519 1011 691 1112 ἐπῄνουν.
716 1013 808 1090 sobri
831 1013 925 1113 τῷδ’
956 1013 1152 1090 ἀνίσταται

295 1137 390 1238 ἀνήρ
416 1169 471 1224 τις
496 1138 969 1250 ᾆθαρόγλαισσος,-λσχδων
992 1137 1142 1240 θράσει,

287 1268 449 1369 Ἁργεῖος
474 1267 543 1343 οὐκ
560 1267 733 1369 Ἀργεῖος,
757 1267 1050 1370 ἠναγκασμένος,

293 1611 379 1680 refert,
401 1613 493 1668 merito
517 1607 636 1668 dubitans
658 1605 690 1666 de
710 1608 823 1666 Porsoui
845 1611 973 1685 opinione,
995 1613 1040 1686 qui
1057 1608 1173 1684 copulam
1187 1610 1345 1668 encliticam
1357 1625 1410 1664 uuu·

293 1715 368 1770 quam
391 1693 459 1771 apud
481 1702 580 1753 veteres
603 1695 719 1752 Graecos
740 1702 799 1770 post
826 1697 1041 1770 praepositionem
1066 1695 1168 1752 inferri·
1184 1707 1283 1763 ratus,
1320 1696 1368 1750 nisi
1391 1707 1410 1744 ιι

293 1785 437 1837 sententiae
458 1782 606 1837 membrum·
622 1776 737 1848 iucboet,
773 1775 961 1838 Atheniensem
987 1771 1020 1838 ἵν
1045 1797 1077 1837 τε
1103 1769 1211 1848 πόλιος
1242 1773 1359 1856 ἀρχαῖς
1381 1773 1408 1829 ul

293 1861 325 1923 ἒν
347 1855 454 1933 πόλεος
474 1884 507 1923 τε
528 1859 637 1942 ἀρχαῖς
659 1859 743 1920 dicere
763 1866 896 1939 potuisse,
928 1884 981 1922 nou
1011 1866 1128 1940 potuisse
1148 1861 1237 1920 dicere
1261 1857 1371 1928 πόλιος
1388 1851 1409 1914 dr

291 1942 323 2010 s’·
347 1941 456 2029 ἀρχαΐς
478 1952 524 2008 ait.
567 1946 693 2007 conludii
712 1946 848 2004 Porsouus
870 1945 981 2007 diversa.
1024 1945 1095 2006 Nam
1116 1950 1140 2003 si
1163 1945 1242 2005 modo
1268 1955 1333 2006 aute
1348 1961 1406 2001 suum

182 2063 189 2072 -
293 2053 386 2092 uomeu
407 2038 493 2109 posita
514 2041 555 2091 est
575 2035 746 2109 praepositio,
777 2040 805 2090 ut
826 2051 904 2108 quum
926 2026 959 2091 ἕν
979 2025 1009 2103 τ’
1033 2027 1142 2110 ἀρχαῖς
1163 2033 1279 2104 dicitur,
1303 2039 1331 2090 el
1350 2029 1407 2102 sequi

292 2127 318 2176 et
350 2117 502 2194 praecedere
533 2126 621 2194 potest
650 2109 765 2190 πόλιος,
799 2117 868 2195 quod
899 2117 977 2175 buius
1010 2121 1122 2176 nouriuis
1154 2121 1279 2194 positura
1311 2137 1360 2174 uou
1382 2129 1404 2168 er

291 2206 475 2282 grammatica,
506 2202 553 2260 sed
583 2221 616 2259 ex
637 2200 776 2260 rhetorica
803 2207 902 2260 ratione
930 2200 1032 2279 peudet.
1075 2201 1104 2260 Si
1124 2217 1186 2258 vero
1207 2204 1361 2280 postposita
1377 2203 1404 2252 est

291 2291 389 2345 uomiui
416 2306 465 2345 suo
492 2287 661 2364 praepositio,
703 2295 733 2346 ut
761 2289 787 2344 si
813 2287 884 2344 dicas
911 2282 1007 2368 πυρὸς
1035 2279 1107 2368 ῥιπῇ
1136 2281 1174 2346 δ’
1203 2278 1287 2360 dno,
1321 2297 1403 2364 praem

177 2369 180 2376 ’
291 2372 352 2430 dere
373 2373 491 2448 copulam
513 2391 621 2429 uecesse
642 2379 690 2440 est,
712 2391 760 2429 uec
782 2378 868 2448 potest
895 2371 946 2430 dici
974 2367 1070 2452 πυρὸς
1099 2363 1172 2452 ῥιπῇ
1198 2363 1266 2432 buo
1292 2391 1341 2442 τε,
1366 2382 1402 2424 1οΙ

291 2461 352 2535 quia
373 2451 469 2536 πυρὸς
490 2462 565 2516 initio
588 2459 693 2514 membri
715 2461 827 2533 positum
850 2460 898 2527 sit,
931 2456 977 2515 sed
1003 2460 1065 2534 quia
1093 2459 1172 2514 etiam
1202 2459 1226 2513 si
1250 2459 1296 2516 rel
1318 2453 1403 2513 abesstl

289 2543 528 2646 pel'postpositum
549 2550 621 2600 esset
641 2561 688 2619 per
706 2545 900 2620 grammaticam
921 2547 1046 2602 rationem
1068 2561 1121 2602 nou
1140 2547 1227 2623 potest
1260 2542 1315 2602 dici
1344 2531 1399 2620 ῥιπῇ

287 2647 349 2685 urso
371 2647 415 2686 τι.
1228 2679 1231 2682 ,

374 2709 446 2771 883.
469 2712 642 2770 scholiastes:
670 2697 885 2790 Διομήδης·
917 2701 1079 2787 ὁμώνυμος
1104 2709 1149 2794 τῷ
1175 2703 1209 2770 ἓν
1233 2711 1276 2792 τῇ
1308 2699 1398 2787 Τροίην

289 2796 411 2856 Fallitur.
459 2797 528 2856 Nam
559 2800 608 2854 etsi
635 2801 663 2854 iu
689 2796 836 2861 Philocteta
861 2795 1000 2856 Lemnium
1029 2795 1164 2873 quemdam
1190 2795 1338 2856 Hectorem
1366 2790 1398 2847 fil·

287 2885 361 2939 xisse
390 2882 484 2940 dicitur
511 2879 664 2957 Euripides,
695 2879 739 2936 hic
769 2887 838 2938 certe
859 2883 990 2957 periuepte
1017 2882 1090 2939 mulla
1120 2883 1278 2941 necessitate
1308 2880 1395 2956 cogerit

287 2967 397 3042 aliquem
420 2965 572 3023 Diomedem
595 2967 764 3020 nominasset.
812 2965 896 3023 lmruo
921 2968 1008 3040 ipsum
1034 2965 1107 3023 illum
1135 2963 1221 3038 Tydei
1249 2967 1333 3024 lilium
1360 2975 1396 3017 ms·

287 3059 379 3108 morat.
423 3051 451 3106 ls
473 3054 540 3106 euim
553 3042 634 3128 Argis
654 3057 776 3106 uersatus
796 3049 905 3119 ridetur,
925 3057 955 3107 ut
976 3049 1008 3110 de
1030 3070 1080 3126 quo
1091 3050 1190 3108 Nestor
1210 3053 1237 3108 io
1251 3041 1394 3122 Orlysslll·

289 3132 359 3194 180.
382 3134 414 3192 de
436 3133 520 3191 reditu
542 3135 702 3191 Graecorum
725 3153 865 3212 exponens,
884 3133 966 3192 dicat:
988 3130 1134 3210 τέτρατον
1154 3121 1238 3240 ἦμαρ
1269 3131 1337 3212 ἔήν,
1359 3118 1395 3188 ‘dr’

288 3213 452 3299 ds·''Apysi'
481 3220 556 3296 νῆας
577 3217 662 3290 ἐΐσας
696 3215 849 3278 Τυδεΐδεω
879 3215 983 3299 ἕταροι
1015 3211 1190 3298 Διομήδεος
1221 3208 1395 3292 ιιτιιοδᾶμοιῡ

287 3299 435 3365 ἕστασαν·
459 3299 558 3384 αὐτὰρ
579 3297 669 3384 ἔγωγε
689 3296 830 3363 Πύλονδ’
854 3297 932 3380 ἕχον.

372 3387 446 3448 886.
470 3389 576 3464 Aliquot
603 3389 707 3446 codices
738 3408 842 3447 versum
871 3391 993 3464 praebent
1020 3396 1117 3465 septem
1145 3388 1252 3465 pedum,
1285 3375 1383 3445 tacit

287 3465 501 3551 ἔπερῥόθησαν
530 3468 564 3531 οἳ
584 3468 640 3546 μὲν
667 3465 710 3543 ὡς
736 3471 837 3544 καλῶς
863 3468 954 3552 λέγοι.
997 3473 1033 3532 Κ.
1055 3479 1082 3530 et
1102 3473 1153 3530 duo
1174 3471 1322 3530 Leidenses
1342 3459 1392 3542 apul

286 3557 487 3615 Valckenarium
520 3555 553 3612 ad
580 3555 680 3614 Pboou.
710 3555 802 3616 1244.
828 3559 895 3615 male
925 3561 1024 3615 abiecto
1051 3552 1132 3634 λέγοι
1158 3559 1245 3614 versui
1274 3566 1393 3632 prospere·

285 3650 356 3700 ruut.
398 3639 459 3699 Ait.
483 3643 509 3696 et
529 3638 647 3696 undecim
671 3645 804 3699 mini-urum
825 3641 899 3701 codd.
921 3645 1019 3701 omisso
1040 3639 1119 3711 λαοί,
1141 3639 1217 3717 quod,
1240 3649 1269 3700 ut
1282 3639 1391 3700 Matthiae

286 3733 367 3804 putat,
389 3732 512 3802 posuerat
531 3727 616 3782 scriba
636 3728 663 3782 iu
685 3733 771 3783 ureute
791 3725 889 3784 lrabeus
911 3727 1035 3785 Hecubae
1061 3746 1163 3784 versum
1185 3721 1257 3784 553.
1288 3723 1391 3804 praeberi

216 3865 222 3872 .
286 3803 503 3888 ἐπερρόθησαν
534 3803 579 3868 δ’.
620 3810 739 3868 Persono
759 3813 833 3868 visus
862 3820 903 3869 est
927 3809 1066 3887 Euripides
1095 3813 1248 3887 scripsisse:
1278 3805 1344 3868 λαοὶ
1367 3792 1389 3858 δ’

288 3888 503 3976 ἔπέῤῥόθησαν
524 3887 566 3964 ὡς
586 3894 688 3965 καλῶς
708 3891 803 3974 λέγοι,
834 3897 913 3973 idque
937 3915 989 3953 nou
1017 3897 1102 3954 solum
1130 3915 1176 3972 per
1196 3913 1226 3952 se
1246 3901 1303 3954 veri
1323 3887 1390 3949 ciuile

286 3989 344 4049 est,
377 3983 437 4055 quia
465 3983 557 4036 mirum
584 3988 655 4037 esset
681 3985 707 4038 oi
738 3982 897 4056 glossatores
919 3979 1076 4038 adiecissent
1096 3978 1246 4057 explicandi.
1260 3997 1353 4038 mussa
1370 3961 1393 4028 δ

286 4061 351 4138 μέν,
373 4064 419 4121 sed
441 4067 517 4122 etiam
540 4067 626 4140 aplius
647 4063 758 4124 videtur.
800 4065 869 4123 Nam
892 4068 932 4123 sic
953 4069 977 4123 si
996 4066 1110 4142 loquitur
1131 4069 1237 4123 nuntius
1244 4106 1253 4134 ,
1284 4068 1388 4122 maiorm

286 4159 383 4226 partem
406 4150 493 4225 populi
514 4153 662 4206 assensisse
682 4149 804 4208 Diomedi
826 4141 988 4219 subindicat,
1000 4169 1082 4227 eoque
1103 4154 1188 4220 magis
1209 4149 1331 4206 elucescit
1347 4157 1388 4220 pri·

269 4238 354 4291 'vitas
376 4234 447 4292 illius
468 4232 589 4303 hominis,
610 4238 685 4292 cuius
706 4233 828 4311 deinceps
849 4241 1006 4293 memoratur
1026 4238 1119 4294 oratio.
1148 4233 1234 4298 Quare
1250 4227 1386 4302 hoereopi·

370 4316 444 4378 889.
465 4318 655 4377 Valckenarius
680 4339 759 4396 quum
788 4323 816 4377 iu
844 4319 930 4378 Diatr.
957 4339 982 4395 p.
1004 4316 1076 4379 256.
1097 4321 1183 4377 locutu
1204 4315 1273 4375 huuc
1293 4317 1387 4376 umor·

284 4403 355 4462 lruuc
375 4423 479 4462 versum
500 4407 641 4474 omisisset,
661 4404 758 4462 Beckio
778 4408 853 4461 visus
874 4411 915 4462 est
936 4423 994 4460 euru
1017 4424 1062 4479 pro
1085 4407 1172 4480 spurio
1191 4400 1325 4461 habuisse.
1349 4396 1387 4456 Ed

284 4493 308 4546 is
341 4493 365 4547 si
396 4494 530 4566 quisquam
562 4494 701 4568 genuinus.
745 4488 907 4565 Olympiadis
933 4487 1021 4547 xclt.
1052 4503 1119 4546 aruo
1148 4485 1179 4548 3.
1210 4489 1314 4545 bisouio
1341 4483 1386 4540 aab

286 4579 369 4631 setam
390 4571 459 4634 hauc
479 4575 602 4644 iabulsm,
622 4593 699 4649 quum
721 4572 871 4632 Alcibiades
891 4572 1115 4632 Lacedaemonios
1136 4572 1169 4632 sd
1186 4573 1310 4642 Cyzicum
1329 4568 1386 4626 risit·
