3022 5140
794 287 844 365 56

269 458 383 556 κῆδος
406 461 589 565 ξυνάψαι.
607 461 700 566 μήτε
724 463 1052 570 δόμασινλαβιῖν

269 593 386 682 κακῆς
402 588 579 690 γυναικὸς
602 596 747 667 πῶλον·
774 592 970 692 ἐκφέρουσι
994 594 1069 699 γὰρ

271 713 422 813 procop?
449 713 584 811 ὀνείδη.
629 723 739 792 τοῦτο
765 718 830 796 καὶ
855 719 1024 797 σκοπιῖτὲ
1038 745 1122 818 μοι,
1191 819 1193 825 Ι

203 846 492 939 61ομνηστῆρες,
518 842 651 935 ἐσθλῆς
675 842 858 944 θυγατέρ’
885 845 926 918 ἐκ
949 843 1089 943 μητρὸς
1112 849 1252 946 λαβεῖν.

270 959 362 1058 πρὸς
386 963 505 1048 τοῖςδι
531 965 570 1042 δ’
597 971 648 1049 εἷς
671 964 837 1067 ἀδελφόν
862 967 915 1044 οῖ’
942 969 1172 1069 ἐφόβρισοις,

270 1082 411 1237 σφοίξαι
435 1086 610 1175 κελεύσας
630 1091 815 1193 θυγατέρ’
842 1092 1096 1188 εὐηθέστατος
1128 1116 1154 1156 '-

271 1209 392 1296 οὕτως
414 1213 557 1300 ἔδεισας
580 1215 633 1314 μὴ
657 1217 703 1292 οὐ
727 1216 848 1313 κακὴν
869 1203 1076 1318 ‹i'ocptoot³>
1063 1225 1157 1316 ἔχῃς.

272 1332 369 1412 ἑλῶν
390 1335 431 1414 δὲ
461 1338 619 1440 Τροίαν,
646 1341 731 1439 εἶμι
744 1341 819 1446 γὰρ
844 1340 1046 1420 κάνταῦθά
1072 1365 1150 1432 σοι,

86 1459 90 1472 “
204 1469 266 1534 615
274 1459 344 1535 ουν
369 1463 516 1548 ἔκτανες
539 1471 702 1568 γυναῖκα
721 1466 869 1567 χιιρίαν
888 1465 1038 1566 λαβών·

274 1584 357 1660 ottt'
380 1587 431 1674 ὥς
451 1588 579 1675 ἒςεῖδις
601 1588 771 1689 μαστόν,
795 1591 967 1692 ἐκβαλὼν
992 1591 1098 1692 ξίφος

274 1709 408 1811 φίλημ’
431 1713 563 1805 ἐδέξω,
589 1713 766 1818 προδότιν
788 1713 976 1795 αῑκόλλων
999 1713 1117 1804 κύνα,

272 1835 400 1930 ἥσσων
424 1840 600 1940 πεφυκὼς
622 1837 834 1939 Κύπριδος,
862 1839 892 1917 τό
916 1837 1067 1918 κάκιστε
1093 1837 1151 1917 σύ.

180 1997 183 2008 ·
275 1962 420 2039 κᾶπειτ’
445 1967 482 2049 ἐς
507 1969 631 2050 σ’ίκοας
652 1973 731 2042 τῶν
756 1968 858 2062 ἐμῶν
884 1964 1009 2043 ἐλθών
1032 1965 1175 2043 τέκνων

207 2077 648 2186 62οπορθεῖςοῖπόντων,
674 2089 739 2166 καὶ
761 2096 925 2194 γυναῖκα
949 2089 1112 2186 δαςιαχῆ

276 2211 428 2298 κτείνεις
453 2215 596 2315 ἀτίμως
618 2211 737 2292 nardo
761 2216 831 2306 θ’,
857 2218 898 2302 ὃς
921 2211 1097 2292 κλαίοντά
1122 2237 1162 2290 σε

274 2545 381 2711 φόδων.
424 2553 520 2614 Goelf.
543 2532 664 2635 ηόδουν.
706 2553 776 2614 Par.
800 2553 836 2614 B.
860 2555 940 2614 Flor.
965 2553 1015 2617 10.
1041 2554 1093 2616 15.
1123 2539 1199 2612 δον.
1233 2549 1315 2611 Flor.
1341 2550 1381 2611 A.

297 2634 353 2695 δον
397 2647 469 2696 teste
496 2637 659 2717 Lentingio.
710 2637 894 2718 Receperunt
921 2626 1381 2799 ifssodg'huiuohdutidgdds’
1325 2645 1381 2707 est,

277 2717 476 2797 Musgravius‚
500 2720 678 2794 Brunckius,
703 2718 901 2795 Gaisiordius,

358 2842 431 2906 607
474 2843 560 2902 Lasc.
578 2842 650 2902 Ald.
664 2866 685 2906 ιι
685 2843 757 2922 ἦδος
777 2837 918 2922 συνάψαι,
939 2854 969 2902 et
985 2863 1014 2902 v.
1031 2842 1103 2906 635.
1127 2864 1146 2901 ιι
1145 2841 1217 2922 ἦδος
1236 2833 1383 2918 συνάψας,

278 2942 362 3001 quum
391 2923 498 2984 Aldina
526 2926 594 2986 aiibi
622 2927 639 3000 ξ
667 2937 732 3004 post
751 2942 770 2986 σ
789 2937 894 3004 ponat,
927 2925 1011 3006 idque
1032 2935 1127 2996 recte,
1163 2935 1194 2982 ut
1214 2923 1324 2982 facilius
1346 2921 1383 2982 ad

277 3008 518 3084 pronunciandum
549 3027 632 3089 quam
654 3007 710 3067 duo
731 3026 749 3070 σ
768 3020 918 3089 separata,
950 3010 1004 3070 nisi
1026 3009 1116 3067 maior
1139 3007 1214 3067 inter
1234 3017 1384 3086 utrumque

277 3108 366 3167 pansa
388 3103 448 3166 est,
472 3103 552 3152 utv.
575 3093 649 3156 829.

360 3209 433 3272 613.
476 3209 562 3269 Hunc
587 3229 698 3270 versum
726 3208 937 3270 Valckenarius
966 3204 1040 3287 apud
1061 3206 1242 3287 Lentingium
1268 3226 1384 3288 prorsus

278 3289 308 3348 in
331 3291 450 3353 alienam
472 3291 568 3354 sedem
590 3293 727 3397 migrasse
747 3293 883 3395 putabat,
922 3302 951 3350 et
974 3292 1114 3394 quamvis
1125 3292 1193 3371 poni
1213 3292 1302 3370 possit
1321 3301 1388 3370 post

278 3390 390 3434 versum
412 3377 485 3439 617.
509 3371 615 3455 φίλημ’
642 3374 737 3452 ἐδέξω,
757 3371 924 3478 προδότιν
913 3369 1058 3436 αι’κόλλων
1076 3368 1161 3449 urive,
1189 3385 1282 3433 tamen
1299 3375 1386 3433 maie-

277 3455 328 3513 bat
355 3459 490 3518 collocari
510 3471 621 3542 postv.
647 3459 720 3522 593.
742 3454 886 3538 Ἑλληνων
907 3453 992 3537 ὄχλον
1010 3451 1132 3518 τοσόνδ’
1152 3421 1336 3538 διθροίσας”
1315 3480 1386 3539 epyc-

278 3559 327 3619 γες
346 3535 421 3622 πρὸς
431 3537 530 3604 Ἴλιον.
571 3540 640 3601 Non
662 3562 731 3622 opus
752 3542 877 3602 arbitror
897 3541 951 3600 hoc
973 3540 1117 3613 refutare,
1140 3559 1224 3618 quum
1246 3540 1385 3598 neminem

279 3621 379 3700 ingere
405 3627 510 3704 possit,
548 3635 604 3684 tam
632 3625 705 3684 bene
733 3627 827 3687 omnia
848 3624 1021 3696 cohaerere,
1057 3633 1089 3682 ut
1110 3624 1266 3682 rectissime
1287 3641 1385 3682 versns

280 3704 329 3765 ille
351 3707 443 3768 locum
464 3729 545 3769 suum
565 3719 689 3769 tueatur.

361 3825 434 3890 616.
477 3823 559 3886 Libri
587 3819 649 3887 ἀλλ’
673 3819 713 3898 ὥς
733 3821 845 3896 ἕςεῖδες.
894 3822 980 3882 Hunc
1000 3833 1030 3881 ct
1053 3833 1215 3902 sequentem
1236 3841 1387 3882 ver-suma

280 3905 389 3968 Galeno
421 3907 457 3970 de
485 3909 544 3990 Hip
545 3929 625 3989 poen.
657 3919 686 3968 et
713 3905 985 3985 Piat.dogrn.1V
1024 3907 1152 3986 p..281
1206 3903 1318 3979 (Chart.
1342 3905 1383 3967 V.
1496 3913 1509 3984 ἢ

278 3991 396 4070 pm.
415 3989 453 4052 Ε.
476 4005 506 4054 et
525 3994 583 4054 νοΙ.
605 3991 688 4070 V.p
692 3989 788 4053 ..405
810 3988 857 4048 ed.
878 3986 973 4068 Lips.)
997 4000 1027 4048 et
1024 3925 1237 4049 paciemente
1259 3988 1387 4048 Alexan-

278 4010 360 4134 drino
382 4073 489 4136 Strom.
511 4077 593 4156 11.p
597 4072 704 4137 .485.
733 4071 813 4132 Pott.
839 4072 907 4147 (soi
930 4072 970 4130 11.
1002 4093 1031 4151 p.
1057 4073 1129 4136 187.
1152 4071 1198 4132 ed.
1202 4071 1313 4152 Lips.)
1343 4073 1387 4130 ai-

279 4156 367 4231 ferri,
403 4169 487 4240 atque
517 4097 593 4240 apud
620 4167 768 4236 utrumque
789 4151 875 4218 οὐδ’
902 4177 943 4228 ως
962 4153 1067 4228 ἒςεῖδις
1088 4157 1222 4234 scriptum
1245 4175 1322 4226 esse,
1356 4157 1387 4214 in
1483 4223 1486 4230 Ι

279 4236 519 4322 Adversariisp.
545 4242 619 4305 224.
649 4238 794 4299 adnotavit
819 4235 977 4298 Personas.
1027 4235 1138 4318 Tetigit
1157 4239 1241 4299 etiam
1265 4237 1387 4296 scholia·

280 4332 337 4381 stes
362 4324 562 4406 Aristophanis
588 4323 623 4384 ad
644 4323 736 4403 Vesp.
759 4322 832 4386 714.
865 4333 895 4382 et
922 4320 958 4380 ad
977 4320 1101 4401 Lysistr.
1126 4319 1198 4385 155.
1220 4319 1268 4379 ubi
1289 4319 1386 4378 obser-

279 4416 327 4463 vat
357 4407 465 4467 haec·
457 4429 485 4468 ιο
516 4407 635 4468 Leschis
657 4425 744 4486 parva
772 4404 861 4465 iliade
884 4416 914 4464 et
932 4404 1007 4487 apud
1029 4403 1147 4486 Ibycum
1174 4422 1237 4464 esse
1259 4411 1382 4462 ιιοιιοῑι.

279 4487 348 4548 Vid.
373 4490 581 4553 Schneidewin.
606 4489 644 4551 ad
664 4489 831 4570 Ibycump.
850 4489 923 4553 136.
