3026 5134
672 327 723 402 57

140 505 257 608 χαίρει
281 507 322 584 δ’
349 508 386 592 ἐς
411 509 536 592 οἴκους
542 562 555 597 ,
581 508 675 608 πρίν
693 539 730 584 τι
754 509 823 585 τὸν
848 508 990 609 πατέρα
1013 512 1153 588 παθεῖν

144 630 387 733 ἀπάλαμνον,
415 631 466 718 ὥς
489 631 675 711 τάνθένδε
699 631 851 710 σούστίν
876 633 1042 736 εὐτρεπῆ.

531 803 605 878 ΟΔ
616 805 691 874 ΥΣ
693 807 736 874 Σ
740 805 772 874 Ε
778 807 861 878 ΥΣ.

132 933 320 1034 Ἥφαιστ’
346 933 444 1020 άναξ
464 925 636 1024 Αἲτναῒε,
662 934 827 1038 γείτονος
850 942 971 1012 κακοῦ

146 1057 318 1158 λαμπρὸν
342 1055 519 1159 πυρώσας
543 1059 640 1157 ὄμμ’
667 1057 937 1158 άπαλλάχθηθ’
963 1060 1075 1149 άπαξ,

148 1183 195 1262 σά
219 1186 271 1274 τ’,
298 1180 329 1260 ὦ
353 1183 527 1282 μελαίνης
554 1183 698 1269 Νυκτὸς
719 1184 952 1285 ἐκπαίδευμ’,
969 1185 1093 1274 Ὕπνε,
1260 1186 1323 1253 606

146 1312 306 1408 άκρατος
330 1306 415 1384 ἐλθέ
440 1307 531 1407 θηρὶ
556 1316 611 1410 τῷ
635 1311 844 1414 θεοστυγεῖ,

144 1434 209 1512 καὶ
232 1434 285 1532 μὴ
306 1433 362 1508 ’πὶ
386 1433 611 1510 καλλίστοισι
639 1439 818 1534 Τρωϊκοῖς
842 1431 967 1520 πόνοις

139 1555 263 1636 αὐτόν
287 1586 327 1632 τε
352 1555 492 1642 ναύτας
516 1559 556 1632 τ’
583 1559 780 1655 άπαλέσητ’
802 1559 985 1637 Ὀδυσσέα

144 1684 214 1762 ὑπ’
241 1681 397 1780 ἀνδρός,
423 1680 454 1784 ᾧ
480 1687 584 1759 θεῶν
609 1682 720 1761 οὐδέν
727 1737 740 1774 ,
764 1686 810 1762 οὐ
834 1685 984 1784 βροτῶν
1008 1682 1119 1780 μέλει.
1390 1751 1393 1760 .

145 1808 170 1905 ἢ
191 1806 261 1903 τὴν
285 1803 404 1902 τύχην
426 1805 498 1905 μὲν
522 1806 678 1906 δαίμον’
702 1809 877 1912 ἡγεῖσθαι
898 1803 1035 1908 χρεών,
1259 1808 1323 1875 610

145 1933 193 2010 τά
219 1925 414 2030 δαιμόνων
440 1928 480 2008 δι’
503 1939 568 2028 τῆς
589 1936 703 2032 τύχης
727 1929 921 2012 ἐλάσσονα.

589 2092 807 2167 ΧΟΡΟΣ.

247 2223 400 2327 λήψεται
424 2223 492 2300 τὸν
516 2219 700 2321 τράχηλον

249 2347 407 2435 ἐντόνως
429 2348 449 2425 ὃ
476 2346 651 2449 καρκίνος

231 2622 302 2687 601
345 2619 421 2681 Εδδ.
453 2629 522 2679 vett.
554 2617 624 2700 πρίν
650 2642 678 2680 τι
713 2613 764 2683 τὸν
792 2617 901 2701 πατέρα
927 2622 1035 2697 μαθεῖν
1060 2611 1254 2721 άπαλλαγμάν.

147 2703 218 2766 Par.
249 2705 286 2766 G.
309 2706 390 2767 Flor.
415 2707 444 2768 l.
468 2703 500 2766 2.
529 2703 609 2763 vict.
631 2709 748 2766 παθεῖν
790 2699 861 2763 Par.
884 2701 922 2762 E.
945 2707 1054 2782 μαθεῖν
1074 2695 1254 2801 άπαλαγμόν.

147 2787 319 2852 Ειοαοδανίῑ
337 2787 488 2850 Cantems.

231 2889 303 2954 602
346 2880 1003 2992 61669606166666’6666'⁵67⁵qu
1045 2883 1253 2946 Herv.Brub.

149 2969 190 3046 δίς
210 2989 273 3047 σοι,
306 2982 337 3031 αλ
358 2971 504 3050 Scaliger,
535 2991 618 3069 quem·
647 2965 688 3044 δίς
716 2987 762 3032 σοι
784 2965 912 3033 τάνθάδ’
941 2964 1069 3032 ἐστιν’
1038 2972 1161 3052 ευτρεπῆ
1183 2969 1256 3029 scii·

148 3055 260 3120 beatem
281 3055 436 3116 Barnesius
464 3064 493 3113 et
514 3056 620 3114 caeteri
641 3064 707 3113 suut
727 3055 849 3132 sequuti.
892 3051 1031 3112 Matthiae
1059 3051 1094 3112 de
1117 3053 1160 3112 his
1183 3053 1254 3112 nihil

149 3140 222 3210 nisi,
253 3136 328 3217 quod
354 3137 483 3208 mireris,
511 3135 670 3196 adnotavit.
699 3139 772 3196 ΑΜ.
799 3139 863 3196 rell.
883 3131 1035 3210 τάνθένδ’,
1064 3147 1154 3196 recte.
1188 3130 1255 3198 τάν

149 3183 225 3286 θάδ’
258 3227 380 3282 Bae-nes.
406 3223 558 3296 Musgrav.
583 3239 598 3276 ε
629 3219 778 3294 Scaligerz'
798 3220 974 3278 com'eclura.
1017 3181 1046 3276 6*
1064 3220 1162 3278 θέσιν.
1183 3219 1259 3278 nihil

149 3316 277 3368 notatum
299 3314 333 3363 ut
351 3305 405 3362 Ιιοε
425 3304 512 3362 etiam
529 3295 657 3363 τάνθάδ’
681 3301 787 3360 habere
804 3302 951 3400 coniicias:
994 3299 1087 3358 Recte
1104 3319 1172 3359 sane
1188 3298 1254 3360 edd.

150 3400 219 3494 νριι.
248 3381 402 3461 τάνθένδ’,
432 3383 482 3444 sed
502 3385 543 3443 ita
562 3394 687 3456 tantum,
716 3384 741 3442 si
765 3375 944 3443 scribitur‘
920 3405 960 3456 ως
978 3377 1121 3446 τάνθένδε
1140 3378 1258 3448 σούστὶν

151 3467 282 3555 εὐτρεπῆ.

233 3569 305 3634 604.
349 3564 481 3628 Ροποίτα
507 3575 604 3625 narrat
623 3565 781 3629 Matthiae·
811 3560 1018 3646 άπαλλάχθηθ
1045 3561 1123 3642 άπαξ
1142 3587 1200 3630 non
1222 3567 1257 3628 li-

151 3655 316 3726 betanus,
347 3662 379 3713 αλ
399 3653 488 3711 vertit
505 3655 590 3711 Αειιι.
614 3654 738 3721 Portus,
768 3652 821 3710 sed
839 3650 929 3709 libera
947 3661 975 3710 te
997 3670 1053 3708 uno
1076 3651 1151 3710 ictu.
1189 3672 1255 3712 ποια

152 3748 184 3797 nt
210 3737 336 3796 omnibus
362 3736 434 3806 diis,
464 3736 507 3794 sic
537 3734 664 3835 Vulcani?
684 3735 816 3793 πταίσειαν
836 3754 896 3792 esse
907 3734 1037 3836 fingitur
1057 3736 1253 3834 Polyphemus.

151 3817 235 3880 Unde
251 3821 305 3879 hoc
320 3778 438 3877 didicit?
469 3817 558 3877 Immo
577 3811 715 3936 πυρώσας
734 3810 933 3896 άπαλλάχθητι
951 3812 1028 3888 ἅπαξ
1049 3821 1102 3877 τοῦ
1115 3820 1256 3898 πυρῶσαι.

236 3916 308 3977 608.
352 3917 433 3976 Flor.
458 3918 488 3979 l.
512 3917 543 3978 2.
567 3909 667 4016 αὐτήν
678 3936 717 3976 τε.
758 3915 856 3974 lautili
878 3933 946 3972 sana
962 3912 1132 3972 sollicitandi
1148 3912 1258 3992 cupidi·

154 4006 212 4056 λαλσ
243 3997 397 4066 Piersonus
435 3997 604 4056 coniiciehat
632 3992 745 4057 αὐτοῖσι
777 3991 896 4067 ναύταις
923 3991 1076 4098 άπρλέσητ’
1103 3992 1256 4098 Ὀδυσσέα

154 4081 188 4140 Si
209 4071 359 4184 ρρίδρρετι
380 4079 540 4139 περισπάσαι
562 4090 653 4151 esset,
677 4088 788 4157 poterat
808 4077 919 4138 facilius
940 4072 1031 4139 αὐτόν
1052 4099 1082 4140 τε
1101 4073 1255 4152 ναίταςτ’

154 4157 308 4242 άπολέσητ’
326 4158 498 4235 Ὀδυσσέως.

237 4261 309 4327 600.
354 4251 488 4321 Libri
464 4282 487 4342 ω
515 4265 597 4321 θεῶν
621 4255 708 4322 οὐδὲν
734 4253 990 4340 ἢβροτῶνμέλει.
1032 4257 1100 4318 Non
1121 4272 1177 4319 tam
1200 4259 1261 4320 lan·

154 4346 239 4428 guido
270 4347 430 4426 loquentem
457 4318 609 4424 Em‘ipides
639 4343 707 4404 iecit
735 4343 859 4404 Ulixem.
920 4342 1106 4403 scribendum
1133 4355 1196 4404 erat
1224 4340 1260 4407 06

154 4433 266 4516 βροτῶν
286 4429 370 4511 μὲ.λει

240 4531 314 4595 613.
358 4527 426 4589 Non
455 4525 544 4588 nodus
566 4525 678 4607 quidam
700 4537 744 4588 est
763 4526 912 4610 καρκίνος,
934 4524 985 4588 sed
1005 4527 1128 4609 forceps.
1174 4527 1260 4588 Refe-
