3016 5132
797 306 847 378 28

366 504 596 598 Παρνασσοῦ
619 497 847 600 κατενάσθη,

188 638 251 698 210
354 620 487 700 Ἰόνιον
510 621 605 698 κατὰ
630 623 770 703 πόντον
794 624 877 702 ε’λό-

359 777 406 847 τηι
431 745 619 826 πλεύσασα
644 748 869 852 περιδρύτων

358 873 450 973 ύπίρ
476 873 715 974 ἀκαρπίστων
739 876 879 954 πεδίων

361 999 531 1084 Σικελίας
555 999 730 1101 Ζεφύρου
755 1009 886 1090 πνοαῖς

358 1123 602 1210 ἱππεύσαντος
625 1130 667 1202 ἐν
691 1128 841 1228 οὐρανῷ

357 1249 553 1328 κάλλιστον
576 1250 779 1354 κελάδημα,

662 1379 962 1480 ἄντιστροφή.

358 1499 485 1588 πόλεος
508 1506 780 1605 ἐκπροκριθεῖό
809 1509 903 1603 ε’μᾶς

356 1627 650 1728 καλλιστεύματα
674 1629 811 1730 Λοξίᾳ·

357 1756 557 1855 Καδμείων
582 1756 618 1835 δ
648 1760 782 1855 ἔμολον
805 1765 892 1860 γᾶν,

250 1969 508 1980 ——n—

252 2097 368 2172 plerique
390 2105 474 2156 autem
496 2091 532 2156 δ’
562 2103 680 2156 inserunt
704 2105 764 2175 post
781 2092 954 2174 Καδμείων,
981 2096 1050 2174 quod
1069 2097 1213 2158 Barnesiue
1234 2106 1293 2174 post
1314 2090 1374 2159 πό-

254 2180 330 2250 λεως
355 2186 452 2257 posuit.
494 2183 628 2259 lugentem
656 2188 753 2260 copiam
776 2183 906 2242 doctrinae
927 2183 1041 2260 protudit
1058 2183 1257 2252 Valckenarius,
1278 2191 1308 2240 ut
1330 2186 1372 2240 ab·

254 2263 411 2323 surdissima
437 2271 603 2344 interpretum
636 2266 667 2326 de
697 2269 748 2328 hoc
771 2269 830 2326 loeo
858 2276 1002 2328 commenta
1028 2269 1159 2340 refutaret,
1187 2287 1239 2326 non
1261 2268 1373 2326 feliciter

254 2356 339 2406 tamen
367 2353 424 2427 ipre
449 2370 501 2408 rem
530 2372 633 2429 gerens,
662 2372 740 2428 quum
762 2373 814 2412 non
834 2353 940 2422 videret,
962 2372 1011 2429 quo
1039 2358 1102 2410 vitio
1123 2351 1188 2410 haec
1213 2353 1370 2411 laborarent.

254 2433 285 2492 ld
307 2438 396 2492 estin
415 2428 617 2514 accendendam,
645 2437 715 2514 qood
741 2435 812 2494 nullo
834 2438 910 2496 modo
932 2438 1078 2515 significare
1098 2445 1184 2514 potest
1204 2431 1288 2506 δ’πιος
1309 2429 1370 2496 ὕπὸ

253 2523 321 2588 ταῖς
342 2515 460 2596 ἐξοχαῖς
480 2525 548 2591 ταῖς
564 2518 784 2598 χιονιζομίναις
805 2522 860 2581 τοῦ
876 2519 1069 2601 Παρνασσοῦ
1095 2512 1296 2597 ταχθήσομαι
1324 2518 1371 2578 ol-

253 2602 354 2678 κῆσαι,
383 2613 411 2662 ut
432 2604 587 2664 acholieetee
608 2610 799 2684 interpretatur,
826 2625 935 2683 quocum
966 2608 1094 2664 conuertit
1115 2607 1191 2674 alius,
1214 2609 1258 2680 qui
1279 2606 1370 2662 scribit

253 2682 319 2746 ἀντὶ
348 2687 403 2747 τοῦ
429 2683 723 2767 κατανααθήσομαι,
756 2690 833 2767 idque
859 2695 925 2749 tueri
952 2689 1039 2748 studet
1066 2691 1225 2750 alienissimo
1252 2695 1370 2748 trimetro

253 2771 394 2830 Simonidis
415 2772 561 2852 Amorgini.
591 2774 675 2833 Addit
697 2777 740 2832 ille
762 2783 856 2845 tamen,
877 2775 945 2851 quod
967 2794 1019 2834 non
1040 2779 1125 2854 magia
1145 2775 1246 2849 probari
1265 2781 1369 2849 potesta

252 2851 310 2933 lyd
333 2852 366 2914 dd
388 2848 472 2933 οἶμαι
494 2852 591 2928 οὕτως
612 2851 702 2917 εἶναι·
725 2853 802 2917 όποο
829 2856 861 2918 ἐν
884 2854 1013 2938 Φοινίκῃ
1035 2849 1227 2934 κατετάχθην
1249 2856 1370 2933 οἰκῆσαι

251 2935 306 2998 τὸν
326 2934 526 3019 Παρνασσόν.
559 2943 694 3001 Subiectum
715 2951 756 3002 est
776 2947 867 3001 vitium
889 2947 917 3001 in
937 2944 997 3003 edd.
1018 2940 1256 3014 Diodortianinm
1276 2945 1370 3017 quitur

253 3043 286 3080 ex
308 3043 365 3080 mea
386 3025 564 3084 emendatione
575 3032 698 3104 scriptum
711 3035 752 3085 eet
773 3019 959 3104 κατενάσθη.
987 3027 1018 3086 ld
1028 3027 1125 3086 dictum
1138 3035 1180 3086 eet
1195 3025 1227 3084 de
1235 3024 1369 3102 Apolline,

252 3127 306 3164 non
327 3107 358 3164 de
378 3101 557 3187 μελάθροις,
579 3112 611 3170 de
633 3114 725 3190 quibua
746 3116 843 3170 rectius
863 3111 992 3170 diceretur
1011 3107 1241 3172 κατανίνασται.
1263 3102 1370 3169 Ἰόνιον

252 3184 364 3252 πόντον
390 3194 579 3256 Valckenarius
606 3199 713 3274 putabat
738 3217 808 3254 mare
829 3200 934 3266 ¹noceri,
961 3194 1029 3272 quod
1060 3197 1160 3257 Ioniam
1188 3196 1310 3254 allueret:
1340 3198 1369 3252 in

252 3298 330 3354 quam
350 3297 404 3336 rem
430 3299 497 3338 vena
518 3290 580 3339 runt
614 3283 686 3357 qnae'
708 3282 878 3361 Muegrariua
900 3301 934 3339 ex
964 3280 1076 3339 Senecae
1104 3279 1245 3358 tragoediis
1272 3277 1369 3336 acrori-

250 3366 312 3438 poit.
335 3364 416 3420 lmmo
430 3364 499 3439 quod
520 3385 590 3422 mare
609 3367 804 3444 intelligendum
828 3369 863 3422 ait
876 3365 958 3424 vdocet
977 3363 1134 3424 Euatetlriue
1156 3362 1190 3420 ad
1211 3363 1368 3434 Dionysium

250 3465 276 3502 τ.
299 3444 350 3503 92.
372 3441 491 3522 λέγουσι
513 3444 549 3507 δέ
571 3445 777 3518 saraguntat
799 3444 860 3508 ἀπὸ
883 3441 983 3525 Γάζης
1002 3443 1111 3528 μίχρις,
1129 3438 1293 3526 Αλγόπτοο
1314 3440 1370 3506 nd

252 3528 345 3607 λαγος
372 3522 483 3590 Ἰόνιον
512 3529 655 3610 λέγεσθαι
682 3526 795 3610 ὅμοίως
821 3527 883 3593 dud
904 3533 959 3610 τῆς
975 3526 1069 3605 Ἰοῦς,
1097 3551 1161 3608 quae
1183 3541 1286 3608 sumpta
1306 3537 1370 3590 ruat

253 3631 287 3670 ex
313 3613 443 3689 Stephano
470 3615 607 3688 Byzantio,
634 3618 701 3695 apud
722 3640 797 3696 quem
819 3637 888 3676 nnnc
908 3620 1055 3694 perturbata
1076 3625 1117 3674 est
1138 3619 1272 3690 scriptura.
1315 3615 1369 3673 Per

251 3697 317 3756 illud
344 3701 424 3776 igitur
452 3719 521 3758 mare
543 3700 603 3760 dum
624 3701 754 3762 vehuntur
773 3706 834 3760 neri
855 3703 973 3761 choricae
993 3704 1115 3780 virginee.
1136 3703 1256 3775 quoniam
1278 3697 1368 3756 adrer-

251 3801 299 3841 eue
333 3785 365 3840 ab
396 3783 484 3842 Siculo
512 3789 577 3844 mart
603 3786 739 3864 Zephyrus
766 3785 873 3862 impedit
905 3806 956 3862 quo
983 3789 1070 3845 minora
1097 3784 1218 3860 Delphos,
1243 3787 1370 3861 navigare

249 3871 362 3944 possint,
383 3870 533 3946 remigando
546 3870 660 3929 ¹Tlreboe
681 3875 796 3928 veniunt.

334 3951 407 4012 211.
428 3948 606 4036 Περίρροτα
634 3953 773 4028 Σικελίας
794 3944 968 4033 ἀκόρπιστα
989 3949 1078 4013 πεδία
1099 3953 1176 4012 hodie
1196 3971 1271 4013 nemo
1293 3951 1366 4010 dubi·

250 4038 314 4094 tabit
335 4041 397 4112 quin
417 4037 519 4097 dicatur
540 4045 619 4098 moria
640 4059 738 4115 aequor
759 4059 810 4115 qno
831 4038 988 4098 circumdata
1008 4047 1049 4098 ert
1070 4037 1170 4096 Sicilia.

334 4116 406 4179 215.
428 4122 556 4182 Matthiae
582 4143 640 4189 oum
662 4123 814 4182 Heindorlio
842 4123 875 4180 ad
897 4123 1017 4182 Platonis
1039 4124 1120 4199 Gorg.
1142 4114 1268 4193 9.,135.
1288 4110 1367 4178 κάλ-

249 4201 354 4264 λιστον
385 4199 543 4282 κελάδημα
570 4211 750 4284 interpretetur
782 4200 798 4264 ὅ
825 4203 890 4266 ἐστι
910 4199 1071 4266 κάλλιστον
1092 4197 1260 4280 κελάδημα.
1302 4201 1367 4262 Non

251 4289 289 4343 ric
302 4291 369 4345 'eum
389 4297 564 4349 accusativum
583 4293 695 4369 intelligi
715 4294 798 4350 voluit
821 4291 966 4367 Euripiden,
987 4289 1033 4348 aed
1056 4288 1203 4366 Zephyrum
1224 4287 1291 4349 dixit
1313 4282 1368 4346 irr-

251 4370 359 4429 πεῦααι
381 4369 413 4431 δν
435 4369 555 4456 ούρανῷ
576 4368 738 4436 κάλλιστον
758 4369 929 4452 κελάδημα,
958 4379 1019 4451 quia
1039 4373 1175 4449 Zephyrus
1195 4391 1241 4447 per
1261 4373 1367 4430 Siculae

251 4451 334 4510 undae
356 4458 475 4527 equitane
494 4461 582 4533 peloro
603 4461 709 4518 fremitu
729 4463 818 4534 epiret.

337 4534 408 4604 218.
429 4537 579 4600 Bruuoliua
604 4561 682 4616 quum
711 4543 787 4617 pleno
806 4547 834 4602 in
855 4544 906 4603 line
927 4540 1048 4617 strophae
1068 4543 1279 4615 compunxisset,
1301 4542 1369 4598 ²¹¹5·
