3028 5136
673 289 725 366 47
787 285 789 292 “

563 478 604 548 Κ
610 471 770 548 ΥΚΛΩ
782 477 830 548 Ψ..

245 611 437 699 cananei,
472 605 589 694 πλέως
612 605 683 708 μὲν
708 610 823 695 οἴνου,

244 730 413 838 γάνυμαι
435 729 479 808 dc*
503 730 632 816 decade
655 731 742 829 ἥβῃ,

247 855 410 958 σκάφος,
443 855 555 942 ὁλκὰς
579 857 646 953 ὥς,
677 856 869 959 φεμισθεὶς

246 982 330 1058 ποτὶ
354 982 469 1081 σέλμα
493 979 654 1086 γαστρὸς
678 981 807 1080 ἄκρας.

245 1105 380 1211 ὑπάγει
404 1108 448 1207 μ’
475 1106 495 1183 ὁ
517 1103 653 1208 χόρτος
676 1106 830 1206 εὔφρων

245 1233 303 1309 ἐπὶ
327 1240 456 1328 κῶμον
479 1229 567 1330 ἦρος
590 1231 725 1330 ὥραις,Ι

245 1357 303 1434 ἐπὶ
327 1354 535 1442 Κύκλωπας
560 1351 754 1455 ἀδελφούς.

245 1483 333 1584 φέρε
355 1510 436 1580 μοι,
468 1487 582 1571 ξεῖνε,
609 1479 710 1581 φέρ’,
732 1477 856 1592 ’ἀσκὸν
881 1477 988 1564 ὁνὰος
1010 1509 1087 1578 μοι.

467 1681 914 1785 Herorronra'.

241 1837 359 1916 καλὸν
384 1838 551 1938 ὄμμασιν
575 1835 759 1938 δεδορκώς
792 1923 795 1937 ,

144 2176 258 2254 gravius
285 2175 357 2232 haec
385 2170 473 2232 verba
494 2171 603 2232 initium
625 2190 688 2232 esse
709 2170 880 2232 coniicicbet
900 2170 1016 2232 obsceni
1037 2170 1159 2244 cantici,
1189 2173 1249 2231 neti

142 2257 378 2319 Atheniensibus.
424 2254 535 2314 Centrcr
555 2267 664 2314 rnrtrum
686 2257 791 2328 fuisse,
822 2254 1023 2332 credipotest.
1066 2254 1135 2315 Non
1155 2257 1250 2335 sequi·

143 2353 192 2400 tur
209 2352 319 2413 antem,
342 2351 373 2398 ut
393 2359 429 2398 ea
447 2339 541 2397 centio
562 2338 685 2398 obscena
706 2339 807 2411 fuerit,
829 2339 883 2397 etsi
906 2338 951 2396 bic
971 2337 1058 2398 verba
1074 2339 1128 2398 ista
1150 2338 1250 2398 obsce-

144 2445 212 2485 nnm
234 2422 300 2502 quid
320 2424 481 2501 significare
503 2433 630 2500 apertum
655 2431 708 2482 est.
762 2441 765 2446 ·

116 2551 119 2558 ¹
228 2524 301 2586 507.
343 2521 425 2581 Libri
444 2524 486 2582 πά
507 2524 549 2580 ecci
569 2525 619 2582 πᾶ.
661 2519 697 2579 L.
714 2517 880 2579 Dindortius
900 2523 1032 2580 κακακᾶ.
1074 2517 1165 2578 Recte
1181 2530 1249 2599 pute

144 2607 325 2686 Lentingium
345 2605 381 2664 nd
396 2603 528 2670 Medeam
543 2624 573 2683 p.
590 2604 641 2666 94.
660 2602 710 2662 sed
725 2622 812 2682 prave
829 2613 948 2661 accentu
965 2603 1089 2662 scribere
1105 2603 1249 2665 κακακαλ.

226 2708 299 2770 508.
342 2704 439 2763 Libri:
470 2696 597 2786 γάνυμαι
618 2699 650 2763 dd
672 2697 771 2774 ὁαιτὸς
789 2697 882 2781 ἥβης,
904 2698 1017 2779 σκάφος
1037 2696 1126 2775 ὁλκὰς
1146 2698 1186 2775 οἷς
1205 2726 1250 2784 γε·

143 2789 279 2871 μισθελς,
307 2787 374 2850 ποτὶ
398 2786 486 2866 σέλμα
513 2780 634 2868 γαστρὸς
659 2781 758 2870 άκρας.
800 2785 879 2844 Ficr.
906 2789 935 2847 1.
960 2786 1065 2845 omittit
1083 2783 1123 2847 dt.
1143 2832 1146 2841 «
1166 2786 1246 2848 Vict.

144 2872 186 2947 ὥς
205 2873 363 2958 γεμισθελς.
403 2870 501 2933 Variis
519 2871 706 2942 coniecturis,
730 2867 780 2928 sed
802 2869 1084 2942 immemorabiiibus,
1112 2880 1249 2930 tentatum

142 2955 226 3037 ἥβης,
269 2956 379 3035 Scripsi
399 2954 545 3014 Lebeckio
567 2964 682 3014 auctore
704 2955 733 3012 in
754 2950 978 3032 paralipomenis
1004 2973 1034 3032 p.
1055 2953 1128 3014 263.
1153 2948 1251 3027 ὁαιτὸς

143 3039 211 3126 ἥβῃ.
252 3039 330 3099 Mire
353 3038 514 3108 Matthiae,
539 3056 622 3115 quum
643 3031 720 3115 ἥβην
739 3037 910 3115 voluptatem
933 3037 1181 3116 interpretaretur,
1213 3057 1250 3096 ex

147 3123 316 3184 abundantia
338 3120 456 3200 quedam
479 3118 602 3179 additum
626 3117 697 3176 dixit
718 3114 825 3190 δαιτός,
847 3120 926 3197 quasi
943 3140 1010 3192 non,
1034 3121 1058 3177 si
1074 3119 1151 3180 dccci
1165 3131 1250 3224 pecta

145 3208 315 3288 scripsisset,
339 3205 432 3284 petius
453 3200 513 3281 ἥβη
533 3221 570 3260 cx
593 3199 763 3259 abundantia
785 3199 903 3278 quadam
921 3213 997 3260 esset
1012 3200 1132 3260 adiecta.
1179 3205 1250 3283 Ηβη

144 3303 190 3352 est
217 3288 432 3370 intemperentia
459 3282 572 3363 gaudii,
604 3278 761 3356 ἀκολασία,
794 3293 826 3340 ut
846 3283 1008 3361 Hesychius
1035 3285 1247 3364 interpretatur.

143 3374 250 3435 Eorum
278 3391 423 3441 errorem,
456 3369 504 3448 qui
526 3361 639 3442 σκάφος
659 3361 747 3439 ὁλκὰς
768 3367 990 3439 coniunxerunt,
1020 3361 1107 3440 ὁλκὰς
1127 3389 1178 3448 pro
1199 3368 1250 3428 ad·

144 3461 246 3518 iectivo
271 3455 426 3525 habentes,
450 3463 482 3510 ut
503 3450 649 3528 Scaliger,
682 3451 789 3509 notavit
808 3449 858 3508 illo
880 3469 961 3532 quem
984 3449 1043 3510 dixi
1071 3451 1134 3511 loco
1155 3452 1250 3514 Lobe-

143 3543 235 3614 ckius,
259 3539 448 3600 accusativum
471 3554 533 3596 csse
554 3553 668 3593 monens
690 3529 810 3611 σκάφος.
852 3534 951 3613 Itaque
970 3545 1047 3594 recte
1062 3547 1181 3595 accentu
1198 3558 1250 3595 no-

142 3637 231 3684 tatum
259 3619 299 3696 ὁς
326 3623 355 3680 in
382 3619 463 3682 Vict.
507 3617 575 3678 Non
604 3629 672 3698 puto
697 3629 791 3678 tamen
820 3613 932 3696 σκάφος
956 3638 1021 3698 cum
1049 3617 1194 3678 Lobechio
1213 3619 1250 3680 ad

143 3703 231 3780 ὁλκὰς
251 3703 429 3766 referendum
451 3722 532 3774 esse,
564 3712 595 3760 ut
616 3700 693 3760 dicat
711 3700 834 3781 Cyclops
855 3702 1020 3782 γεμισθελς,
1047 3697 1088 3776 ὥς
1108 3697 1196 3774 ὁλκὰς
1215 3698 1249 3764 τὰ

143 3786 271 3868 σκάφος,
297 3789 347 3849 sed
369 3786 404 3847 ad
426 3789 515 3866 ipsum
540 3783 705 3865 Cyclopem,
728 3781 761 3847 τὸ
782 3779 894 3860 σκάφος
914 3784 1071 3866 repuncta,
1092 3779 1133 3858 οὸς
1151 3779 1248 3856 ὁλκάς.

226 3893 299 3951 511.
343 3884 536 3956 Boissonndus
557 3883 646 3944 edidit
666 3878 770 3964 ὁπάγει
791 3905 825 3958 με
845 3879 947 3962 χόρτος
969 3879 1094 3963 εὔφρων.

196 4060 205 4086 Ι
225 3987 299 4050 513.
342 3979 497 4046 Barnesins
517 3983 632 4062 scripsit
652 3992 752 4040 contra
770 3981 857 4039 libros
873 3979 921 4041 ἐπὶ
937 3974 1101 4052 Κάκλωαάς
1119 3975 1149 4042 τ’
1168 3974 1249 4042 dest

144 4090 298 4230 wadii.
341 4146 417 4207 Edd.
448 4159 518 4207 vett.
549 4140 618 4225 φέρ’
643 4139 735 4206 άσκὰν
757 4143 789 4206 ἐν
809 4139 919 4224 ὁὸμοις.
961 4143 1031 4204 Par.
1054 4143 1091 4204 E.
1115 4145 1196 4204 Flor.
1215 4147 1245 4208 l.

143 4234 175 4298 2·
198 4228 267 4316 φέρ’
292 4225 383 4294 ἆσκὸν
397 4229 484 4301 ἔνδος
505 4252 571 4308 μοι,
593 4227 667 4308 quod
688 4228 795 4306 primus
816 4230 925 4308 recepit
944 4227 1137 4306 Musgravius.

227 4334 299 4396 515.
343 4327 503 4408 Adscripta'
526 4327 555 4384 in
582 4326 661 4386 libris
688 4338 750 4387 crat
779 4327 863 4387 ebori
888 4347 1018 4407 persone.
1062 4329 1178 4390 Habent
1198 4350 1249 4389 nu·

144 4427 200 4476 tem
228 4411 318 4479 καλὸν
349 4407 456 4511 ὁμμασι
485 4405 643 4512 (isdegerde,
672 4405 761 4474 καλὸν
782 4409 889 4496 ἐκπερᾷ
909 4406 1074 4494 μελάθρων.
1107 4419 1189 4494 φιλεῖ
1206 4438 1249 4488 τις

142 4494 229 4581 ἡμᾶς.
272 4501 426 4560 Barnesrus
448 4493 525 4555 dedu
546 4510 678 4576 ομμασιν.
