3026 5134
672 291 732 366 ’56

145 487 247 560 οὔτοι
269 485 319 560 τὰ
341 483 503 582 χρήματ’
535 488 614 564 ἴδια
638 490 829 588 κέκτηνται
853 492 998 592 βροτοί,

143 609 190 684 τὰ
214 617 294 687 τῶν
318 614 425 689 θεῶν
449 612 486 688 δ’
516 611 659 711 ἔχοντες
683 616 973 715 ἐπιμελούμεθα·

143 735 236 814 ὅταν
261 735 303 813 δὲ
325 733 508 837 χρήζαισ’,
535 743 618 818 αὔτ’
648 744 899 844 ἀφαιροῦνται
924 742 1048 824 πάλιν.

143 863 222 966 ἄρ’,
247 865 295 961 ήν
321 864 355 938 α’
385 866 526 964 ἔραμαι
551 865 621 944 δύο
646 866 744 972 λόφω
769 872 953 968 προθεῖσῗ,
971 873 1063 970 ἅμα,

141 986 277 1090 πότερα
302 998 520 1090 τυραννεῖν,
545 991 571 1090 ἢ
593 991 702 1070 πόλιν
726 1004 846 1071 σῶσαι
871 998 1010 1088 θέλεις
1261 1029 1325 1094 ηρρ

4 1115 11 1140 “
142 1119 234 1217 ἐρεῖς
258 1119 477 1215 τυραννεῖν,
501 1117 549 1215 ἢν
575 1118 616 1196 δὲ
641 1119 771 1218 νικήσῃ
797 1123 833 1197 α’
864 1121 946 1211 ὅδε,
987 1167 990 1174 .

133 1238 280 1343 Ἀρφιῖώ
305 1244 339 1316 τ’
369 1244 457 1345 ἔγχη
482 1242 578 1343 δόρυ
602 1244 645 1321 τὸ
670 1247 872 1343 Καδμείων
897 1251 978 1346 ttp,

122 1368 225 1466 ’ὄφει
251 1368 452 1464 δαμασθὲν
478 1372 572 1447 ἄστυ
602 1373 778 1472 θηβαίων
803 1372 911 1464 τόδε,

139 1494 224 1592 ὄφει
249 1492 291 1570 δὲ
315 1494 451 1580 πολλὰς
476 1498 752 1594 αἰχμαλωτίδας
776 1497 890 1598 κόρας

137 1618 207 1718 βία
232 1619 324 1720 πρὸς
349 1620 502 1722 ἀνδρῶν
527 1623 713 1720 πολεμίων
738 1625 1012 1724 πορθουμένας.
1259 1652 1321 1715 505

137 1744 321 1847 ὀδυνηρὸς
345 1743 406 1846 ἆρ’
437 1748 458 1822 ὅ
483 1757 659 1840 πλοῦτος,
687 1751 731 1826 ὃν
758 1750 873 1848 ζητεῖς
897 1753 1012 1848 ἔχειν,

138 1868 330 1975 γενήσεται
359 1871 530 1974 Θήβαισι,
556 1872 748 1976 φιλότιμος
773 1874 815 1954 δι’
842 1873 901 1952 σύ.
942 1971 945 1978 ‚

135 2258 241 2316 Stolaci
265 2261 331 2329 acic
357 2248 506 2338 σώφροσι.
561 2261 705 2334 Porrnnur,
731 2261 845 2318 infertur
872 2260 969 2338 dupkei
998 2276 1043 2337 γε,
1071 2277 1129 2317 urin
1158 2259 1256 2333 aliquot

135 2340 210 2401 codd.
230 2347 309 2402 τοῖσι
329 2335 496 2423 σώφροσιν.

219 2423 290 2486 558.
318 2429 385 2486 Post
412 2428 482 2485 hunc
509 2446 613 2484 versurn
634 2427 695 2485 libri
716 2425 825 2486 addunt:
849 2420 865 2486 ὁ
886 2421 919 2487 δ’
944 2420 1038 2504 ὄλβος
1060 2417 1096 2486 οδ
1117 2418 1254 2502 βίβαιος,

134 2504 206 2572 ἀλλ’
235 2503 396 2594 ἐφήμερος,
428 2531 502 2589 quem
529 2515 605 2570 uncis
631 2514 739 2571 inclusit
767 2513 907 2589 Matthiae,
935 2516 1066 2572 eiecerunt
1086 2509 1254 2571 Valckenarii

134 2597 229 2655 iudicio
261 2598 427 2674 Bruackiur,
454 2597 591 2655 Porsenna
619 2598 725 2674 aliique.
777 2597 836 2657 Nec
861 2598 964 2656 videtur
991 2595 1159 2656 dubitandum
1187 2614 1253 2668 erse,

42 2715 44 2718 -
134 2686 197 2758 quin
223 2699 256 2740 ex
283 2684 335 2740 alia
356 2686 391 2740 sit
410 2681 543 2762 tragoedia
565 2681 718 2760 adscriptus.
761 2682 831 2743 Nan
853 2703 936 2759 neque
958 2681 1028 2740 aliud
1049 2680 1111 2759 quid
1132 2683 1254 2748 continet,

134 2785 211 2844 quam
239 2765 307 2842 quod
334 2767 429 2826 dictum
459 2775 499 2826 est
525 2771 552 2825 in
579 2763 800 2846 praecedentibus,
826 2787 908 2846 neque
934 2763 976 2824 his
1004 2763 1187 2825 confirmandis
1207 2773 1254 2822 aut

135 2850 260 2930 augendis
287 2855 408 2922 inservit,
435 2853 482 2912 sed
511 2858 598 2932 potius
626 2859 739 2930 quaein
762 2874 792 2912 co
815 2856 943 2910 sententia
965 2859 1018 2921 est,
1049 2853 1073 2907 si
1094 2857 1164 2908 esset
1187 2849 1252 2906 ratie

133 2935 273 3012 reddenda,
300 2940 357 3014 ipsa
384 2957 449 3016 opus
475 2937 581 2996 haberet
607 2939 676 3010 illis,
704 2959 769 3016 quae
796 2957 950 3016 praegressa
977 2943 1046 2995 sunt.
1090 2933 1181 3012 Itaque
1203 2953 1251 3012 ege

38 3016 41 3025 “
121 3040 234 3096 ¹qunque
255 3019 325 3078 lrunc
352 3042 453 3080 ver-suin
482 3029 588 3081 removi.
631 3021 822 3082 Valckenarius
850 3042 908 3081 curu
936 3023 1075 3100 ingeniosa
1101 3022 1251 3078 coniectura

133 3104 206 3162 Inoni
229 3103 360 3182 Euripidis
380 3103 511 3162 uindicare
532 3104 643 3164 studuit.
680 3101 681 3106 ¹

143 3193 147 3198 ’
219 3185 291 3248 559.
313 3185 459 3250 Flor..33.
481 3198 507 3247 et
528 3186 586 3245 edd.
609 3197 669 3245 vett.
692 3181 750 3244 δώο
771 3179 889 3264 λόγους.

217 3271 288 3333 560.
311 3273 382 3331 Flur.
404 3272 439 3332 A.
461 3273 528 3332 Ven.
551 3275 590 3330 ab.
613 3263 730 3330 σώσειν.

218 3355 290 3416 565.
312 3359 379 3417 Ven.
402 3378 426 3416 a.
448 3377 496 3435 γρ.
518 3350 724 3434 λεληισμένας.

218 3439 292 3501 566.
311 3441 484 3501 Scholiaster:
511 3431 660 3522 γράφεται
681 3438 732 3500 καὶ
755 3435 773 3498 δ
781 3432 985 3519 απανηρός,
1009 3432 1025 3498 d
1047 3433 1127 3498 ἔστιν
1148 3429 1249 3514 ἐπιζή-

131 3525 213 3602 μιός·
235 3517 430 3606 ἀνάγκηφδρ
453 3521 494 3596 εἷς
516 3518 648 3602 πόλεμον
670 3517 851 3602 συμμάχους
873 3520 1113 3605 προτρέψασθαι
1130 3521 1179 3582 καὶ
1193 3520 1249 3580 δα-

132 3612 240 3712 πανρῖν.
264 3612 354 3686 Inepta
375 3609 440 3668 haec
461 3619 502 3668 est
522 3611 642 3670 lectionis
664 3632 716 3670 non
739 3611 821 3670 malae
842 3615 1029 3688 interpretatio.
1054 3605 1121 3668 Ven.
1145 3629 1169 3665 a.
1192 3629 1249 3666 πο-
1276 3626 1278 3630 ’

131 3717 147 3753 ν
189 3715 232 3766 ος.
982 3737 986 3744 x
1155 3733 1156 3736 ,

148 3717 187 3776 ηρ
215 3776 288 3839 567.
313 3778 504 3840 Valckenarius
530 3781 600 3840 huuc
628 3801 728 3857 quoque
756 3799 859 3836 versum
882 3786 911 3835 ul
932 3781 1047 3851 spuriuru
1071 3783 1096 3833 et
1116 3771 1247 3837 inficetum

133 3861 271 3932 damnarit,
303 3885 427 3940 quaerens
455 3886 500 3924 cur
526 3866 626 3924 Thebis
652 3867 747 3940 potius
773 3854 921 3940 ὀδυνηρὸς
949 3853 965 3917 ὁ
994 3859 1140 3930 πλοῦτος,
1172 3875 1248 3933 qnam

133 3945 235 4002 Eteocli
261 3965 321 4004 esse
348 3949 457 4019 dicatur,
472 3949 660 4030 'frigidumque
688 3965 747 4004 esse
768 3947 925 4028 ¹eristimaus
952 3933 1113 4021 φιλότιμος
1145 3936 1178 4000 δὲ
1199 3932 1248 4026 nd.
1285 3999 1289 4007 ,

132 4025 268 4086 Assensus
296 4038 337 4087 est
362 4031 498 4090 Matthiae.
543 4034 685 4090 Servarunt
713 4040 799 4087 tamen
827 4043 930 4085 versum
957 4025 1107 4084 Brunckius
1134 4032 1160 4082 et
1186 4025 1248 4081 Por·

132 4132 222 4181 sonus,
249 4111 292 4171 hic
319 4114 428 4189 quidem,
450 4115 527 4192 quod,
552 4120 602 4173 etsi
623 4113 790 4192 languidulus
812 4117 855 4181 sit,
876 4115 954 4168 nimis
976 4113 1084 4186 abrupta
1104 4113 1192 4167 sutura
1213 4109 1248 4165 sil

131 4199 260 4255 sententia
281 4207 392 4256 resecto.
415 4199 451 4256 At
473 4207 572 4257 tanturn
595 4201 667 4256 abest
689 4208 718 4256 ut
739 4197 875 4273 quidquam
897 4201 925 4254 in
946 4196 995 4253 hoc
1006 4214 1084 4254 versu
1094 4191 1247 4270 languidum

132 4291 177 4342 aut
197 4281 329 4342 inficetum
352 4289 394 4355 sit,
416 4290 446 4342 ut
465 4283 529 4340 nilril
550 4281 691 4360 putandum
714 4288 749 4341 sit
772 4285 857 4358 aptius
878 4287 923 4338 aut
938 4282 1033 4338 fortius
1052 4279 1103 4336 dici
1120 4280 1247 4354 potuisse,

131 4385 275 4446 versusque
296 4359 333 4427 ri't
352 4359 395 4428 iel
416 4371 528 4426 rnaxlrne
555 4361 693 4448 genuinus.
736 4365 841 4425 Laudat
862 4366 1051 4425 Valckenarius
1072 4363 1246 4432 seneliacum,

130 4456 176 4529 pri
203 4454 236 4511 ad
262 4471 366 4512 vernum
399 4453 589 4534 praecedentem
618 4453 792 4512 adnotaverit:
832 4453 923 4511 τοῦτο
951 4443 1158 4529 συμπέρασμα
1185 4448 1246 4507 τιῦν

132 4531 204 4611 ἄνω,
232 4545 283 4599 isto
305 4559 381 4600 rcrru
413 4541 530 4599 concludi
552 4541 751 4618 disputationem
775 4538 890 4597 lccnrtac
912 4539 1072 4595 existimare.
1116 4532 1152 4592 lt
1174 4531 1258 4590 schc'
1367 4529 1373 4542 '
