3022 5140
688 301 738 374 29

558 484 591 552 E
600 485 691 556 PM
697 489 720 555 Ι
728 485 760 558 O
769 490 809 558 N
814 489 864 560 H.

149 637 290 725 μεσοῦν
316 657 358 732 με
380 628 543 732 πατρίδα
571 632 640 726 σήν
663 634 848 730 Ἀχιλλέως
870 636 988 741 φόνῳ.

506 837 543 905 Α
551 837 626 907 NA
633 839 669 908 Ρ
678 837 768 910 ΟΜ
771 840 808 908 A
814 841 859 910 X
861 843 913 912 H.

144 980 268 1075 Ἑλένη
296 1009 356 1059 νιν
384 984 512 1072 diteo',
541 986 610 1062 οὐκ
636 984 729 1089 ἐγώ,
754 985 874 1087 μήτηρ
896 1019 937 1095 γε
964 993 1021 1089 σή.

546 1193 579 1262 Ε
587 1194 684 1264 PM
691 1197 715 1263 I
725 1192 757 1265 0
766 1195 861 1265 ΝΗ.

146 1332 169 1428 ή
192 1333 254 1409 καί
277 1333 405 1433 πρόσω
425 1337 499 1440 γὰρ
523 1349 600 1417 τῶν
626 1345 728 1440 ἐμῶν
750 1341 907 1442 ψαύσειε
928 1357 1057 1426 κακῶν
1064 1381 1077 1437 ,·

493 1546 530 1614 A
539 1549 580 1617 N
589 1547 657 1617 ΡΛ
669 1547 764 1620 OM
766 1550 803 1616 A
809 1549 854 1618 X
856 1551 906 1621 H.

143 1687 230 1764 idon>
253 1698 381 1765 σιωπῶ
405 1691 661 1794 κᾶπιλοίζυμαι
686 1693 817 1795 στόμα.

551 1901 585 1970 Ε
593 1903 712 1973 ΡΜἸ
719 1901 800 1974 ΟΝ
800 1903 851 1974 Η.

142 2048 259 2120 ἐκεῖνο
284 2046 406 2135 λέξον,
432 2045 547 2150 οὗπερ
574 2049 699 2128 οὕνεκ’
727 2049 894 2148 ἐστάλην.

494 2255 531 2323 Α
540 2256 581 2325 N
580 2254 616 2323 Δ
622 2254 797 2327 ΡΟΜΑ
803 2257 850 2329 Χ
852 2258 904 2328 Η.

141 2381 235 2485 λέγω
260 2384 299 2458 o’
322 2386 395 2489 ἐγώ
418 2396 513 2466 νοῦν
538 2390 607 2466 οὐκ
634 2395 730 2487 ἔχειν
755 2391 847 2468 ὅσον
873 2415 913 2467 σε
939 2392 1006 2469 δεῖ.

546 2577 850 2650 EPMIONH.

140 2705 274 2806 λείψεις
298 2706 382 2786 τόδ’
408 2712 528 2815 ἁγνὸν
550 2716 701 2813 Ιτέμενος
725 2692 875 2799 ε’νετλίαςΙ
895 2716 991 2791 θεοῦ
996 2744 1010 2804 ,·

487 2903 525 2972 A
532 2905 573 2974 N
574 2902 609 2973 Δ
618 2905 652 2974 Ρ
661 2901 694 2976 0
703 2905 795 2976 MA
803 2905 849 2975 X
850 2903 902 2973 H.

137 3040 169 3109 εἰ
194 3033 247 3134 μὴ
272 3036 468 3133 θανοῦμαί
492 3040 544 3142 μ’·
570 3046 602 3116 ελ
626 3039 668 3117 δὲ
691 3039 764 3137 μή,
792 3042 838 3118 οὐ
863 3039 980 3140 λείψω
1007 3039 1105 3115 ποτέ.

135 3211 420 3226 Μ

219 3304 293 3366 248.
337 3303 406 3364 ΑΜ.
438 3306 503 3365 reti.
528 3302 619 3387 μήτηρ
646 3329 677 3389 γε
699 3302 753 3387 σή,
784 3327 865 3387 quem
887 3306 1055 3384 Lentingius
1077 3317 1183 3364 temere
1206 3316 1251 3385 ty·

136 3388 275 3466 pographi
305 3407 431 3447 errorem
461 3409 524 3448 esse
553 3391 737 3470 pronunciat,
770 3390 845 3472 qnod
875 3389 958 3449 codd.
987 3407 1084 3447 omnes
1111 3399 1140 3446 et
1161 3387 1247 3447 Lasc.

136 3465 229 3549 μήτηρ
257 3469 289 3531 δὲ
317 3467 353 3550 σή
381 3471 519 3530 habeant:
550 3493 623 3553 qaae
653 3475 793 3553 scriptura
814 3473 928 3534 defendi
950 3471 1061 3552 quidem
1083 3483 1193 3551 potest,
1225 3472 1250 3531 si

135 3553 247 3630 plenius
269 3564 333 3632 post
353 3549 436 3615 ὤλετ’
456 3557 689 3634 interpungetnr:
713 3557 762 3616 sed
780 3560 842 3637 quis
868 3577 922 3616 non
939 3555 1035 3616 videat
1050 3556 1138 3613 mutto
1158 3555 1250 3634 aptio·

136 3653 206 3776 peimd
224 3655 304 3784 epspo
316 3635 440 3696 Aldinae
470 3639 657 3718 scripturam?
694 3661 778 3720 quam
805 3653 901 3701 tuetur
927 3641 1012 3700 etiam
1033 3638 1186 3698 Elmsieius
1213 3636 1249 3697 ad

171 3735 217 3777 e.
307 3762 314 3777 .

217 3815 291 3880 ²49.
336 3817 489 3876 Heathium
518 3808 539 3898 ή
567 3817 618 3880 καί
645 3815 746 3902 πρίσω
774 3843 807 3903 γε
829 3821 916 3880 scribi
942 3821 1082 3880 volentem
1113 3830 1191 3881 recte
1212 3820 1249 3878 ab

136 3898 289 3978 Lentingio
311 3900 482 3978 reprehendi
503 3903 544 3960 ait
563 3903 724 3962 Matthiae:
749 3903 969 3982 indignationem
991 3905 1066 3962 enim
1089 3905 1249 3981 exprimere

135 3978 198 4064 γάρ.
240 3981 273 4040 ld
302 3993 332 4041 et
361 4003 412 4063 per
436 4002 467 4043 se
488 3985 589 4043 falsum
610 3998 670 4058 est,
699 3998 746 4058 et,
779 3988 921 4046 siveram
944 3995 1038 4055 esset,
1070 3984 1248 4043 defendendo

136 4062 247 4142 quidem
265 4061 338 4146 γάρ,
361 4087 417 4125 non
439 4066 589 4126 refutando
610 4090 642 4149 γε
663 4069 832 4140 inserviret,
860 4065 934 4146 quod
957 4069 981 4126 si
1002 4069 1137 4146 seriptum
1159 4079 1245 4139 esset,

135 4147 309 4224 significaret
330 4151 413 4209 adeo.

215 4245 289 4308 254.
333 4247 547 4310 lnconsiderate
568 4247 730 4306 Brunekius
751 4266 788 4306 ex
808 4246 878 4306 Par.
900 4246 941 4306 A.
965 4245 1044 4306 dedit
1065 4247 1092 4308 εἰ
1119 4244 1171 4324 μὲν
1192 4252 1248 4307 θα-

132 4329 241 4408 νοῦμαί
259 4325 301 4411 γ’,
332 4350 384 4392 nec
407 4331 548 4390 Matthiae
575 4342 751 4391 caeterorum
775 4330 910 4389 librorum
933 4331 1057 4389 omnium
1079 4331 1247 4408 scripturam

133 4410 161 4471 εί
188 4407 228 4490 μή
255 4413 407 4492 θανοῦμαί
433 4409 477 4495 γ’,
506 4434 540 4472 ae
571 4435 627 4474 non
658 4415 751 4492 potius
776 4413 986 4472 Brunckianam
1011 4424 1111 4474 contra
1134 4431 1247 4474 sensum

133 4512 196 4552 esse
222 4493 358 4567 dixisset,
392 4498 415 4556 si
442 4497 597 4574 cogitasset
622 4496 690 4575 quid
718 4516 816 4557 sensus
846 4507 875 4556 et
904 4497 1051 4575 responsio
1072 4497 1247 4558 Hermionae
