3026 5134
708 315 747 363 xl

169 493 207 564 in
238 490 283 562 iis
316 490 472 584 inventis,
507 513 590 587 quae
615 487 798 589 Euripides
824 517 915 566 more
941 517 1003 568 auo
1029 520 1074 569 cn
1105 497 1173 570 rito
1198 523 1293 571 com·-

170 617 263 690 moni
290 616 515 715 deprompsit:
543 619 617 714 quis
643 615 729 691 cuim
755 615 789 690 in
817 617 952 693 obscena
977 622 1017 693 ab
1043 619 1193 696 hostibus
1213 625 1294 697 urbe

169 765 238 816 uon
265 745 377 838 cupiat
397 744 509 816 oculis
534 745 736 841 perlustrare
772 746 888 842 copias
913 746 1139 847 circumpositi
1161 752 1294 824 exerci-

168 865 261 951 tus?
299 875 358 950 En
388 870 440 943 bis
467 892 565 966 quum
592 871 921 969 quemlibstposset,
948 875 1090 974 arripuit
1110 901 1193 974 qnae
1208 903 1294 976 pro-

170 1005 264 1077 xima
288 1007 361 1076 erat
385 997 587 1094 Antigonam
612 995 807 1095 Euripides.
847 998 975 1098 Nempe
1001 1003 1088 1076 enim
1113 1005 1216 1078 oboro
1242 1006 1293 1080 uti

169 1130 318 1221 uolebat,
344 1151 386 1199 uc
412 1121 611 1220 Aeschylum
637 1124 785 1198 imitatus
811 1149 886 1198 cono
911 1127 1090 1204 diceretur.

271 1253 339 1326 Ubi
364 1252 534 1348 Antigona
560 1250 600 1322 de
626 1273 726 1334 scona
751 1252 846 1346 abiit,
873 1254 986 1350 prodit
1011 1255 1147 1330 oborss.
1178 1257 1290 1354 Atque

169 1379 328 1479 Euripidi
354 1401 483 1476 quoqne
508 1375 684 1449 femineum
710 1379 845 1452 eborum
871 1380 944 1477 ipsa
979 1385 1164 1480 argumenti
1189 1383 1290 1477 ratio,

169 1507 365 1608 praesertim
392 1505 472 1578 uiris
499 1501 703 1575 defendenda
728 1505 810 1576 urbe
831 1507 1015 1603 occupatis,
1031 1509 1292 1584 commendabat.

168 1635 259 1708 Euro
293 1635 429 1707 eborum
464 1653 526 1723 uo,
552 1637 589 1702 ut
613 1629 813 1727 Aeschylus,
839 1655 883 1702 en
909 1631 1082 1706 Thebanis
1107 1637 1291 1732 virginibus

136 1811 141 1819 .
169 1763 311 1853 faceret,
338 1779 381 1830 cn
408 1757 525 1853 Tyriis
553 1757 656 1829 voluit
681 1766 847 1850 constare,
875 1779 958 1855 qnae
984 1759 1072 1855 qnod
1087 1785 1291 1834 communem

169 1912 244 1962 cum
271 1884 443 1958 Tbcbauis
469 1883 633 1980 originem
655 1881 828 1977 baberent,
853 1909 919 1962 uon
946 1885 1075 1959 alienae
1096 1887 1290 1962 ridebantur

169 2039 191 2087 a
216 2021 432 2112 cognatorum
458 2011 576 2083 ciuium
602 2012 709 2114 unalis.
761 2009 810 2084 Ut
838 2011 901 2084 bas
923 2013 1135 2094 introducere
1160 2023 1288 2112 posset,

169 2147 373 2213 commentae
399 2146 464 2229 cot,
491 2133 672 2209 destinatus
697 2137 883 2209 ministerio
903 2135 1017 2235 Pptlrii
1031 2139 1202 2238 Apollinis
1227 2141 1289 2214 ad-

168 2267 276 2341 uersis
311 2265 418 2336 ventis
451 2263 491 2335 ad
525 2261 699 2336 Boeotiam
734 2285 808 2335 esse
850 2265 998 2358 delatas,
1033 2289 1196 2363 quormque
1230 2291 1289 2340 cus

167 2394 328 2466 amissurus
345 2391 499 2488 Delphos
525 2397 616 2462 esset
630 2387 804 2482 Eteocles,
822 2390 997 2464 aduenisse
1009 2391 1173 2490 Argiuum
1191 2417 1290 2467 exer·

168 2521 284 2593 citum.
335 2517 414 2600 Ηοο
438 2541 536 2614 quum
562 2515 645 2588 satis
670 2515 887 2613 probabiliter
911 2517 1079 2592 inventum
1105 2527 1213 2613 esset,
1233 2521 1288 2593 iu-

168 2655 349 2743 terpretum
381 2667 464 2717 non*
486 2644 594 2716 solum
630 2650 799 2746 veterum,
840 2643 900 2715 sad
933 2645 1032 2716 etiam
1064 2648 1288 2720 recentiorum

167 2780 260 2846 tauto
284 2772 348 2844 init
380 2769 546 2863 socordia,
573 2779 611 2843 ut
639 2771 701 2843 bos
727 2770 756 2842 si
783 2769 913 2863 audias,
939 2769 1137 2870 Euripidem
1161 2775 1288 2872 turpin-

168 2901 250 2972 sime
283 2900 346 2972 sibi
379 2920 566 2996 repugnare
597 2921 734 2970 necesse
767 2898 824 2970 sit.
875 2896 962 2970 Nam
987 2899 1186 2976 soboliaetes
1211 2903 1287 2998 qui·-

169 3027 242 3099 dem
258 3027 298 3098 ad
324 3049 358 3096 r.
374 3027 461 3098 202.
489 3023 540 3096 sio
566 3024 718 3119 scripsitz
745 3020 810 3097 ded
833 3029 946 3098 τοῦτο
965 3023 1168 3101 Φοίνισσαί
1193 3032 1288 3103 εἰσιν

169 3146 450 3247 αίχμαλώτιδος,
463 3146 717 3249 Ἀγηνοριδῶν
731 3147 1065 3245 ἐκποπορθηκότων
1086 3148 1210 3248 Τύρον
1222 3153 1287 3228 καί
1359 3128 1362 3136 ¹

39 3363 41 3367 ¹
167 3275 234 3362 τὰς
257 3271 446 3374 ἐνοτρίτους
469 3273 597 3348 αὐτῶν
622 3279 676 3371 τῷ
698 3269 902 3372 Ἀπόλλωνι
934 3273 1207 3375 πεμομφότων,
1241 3279 1287 3363 ἃς

166 3402 231 3479 καί
256 3398 512 3500 ἀκροθίνια
537 3397 859 3502 Εὐριπίὸηςιλίγεο
882 3401 1042 3501 Λοξίᾳ.
1093 3403 1284 3484 Etadr.
1368 3481 1371 3488 ,
1491 3469 1494 3476 .

168 3535 257 3606 283.
275 3527 387 3628 duplo
411 3523 635 3626 ἀκροθίνιον
658 3528 898 3623 intorpretatur
922 3528 990 3626 τὴν
1015 3509 1286 3631 &dalecamp-
1389 3585 1393 3594 .

115 3747 120 3756 .
166 3653 269 3738 λείοις.
295 3649 487 3753 ἀπαρχήν·
525 3651 749 3752 ἀκροθίνιον
774 3653 914 3755 λέγεται
939 3654 962 3752 ἢ
989 3658 1030 3730 ἐκ
1054 3655 1193 3742 πόλεως
1217 3667 1275 3732 lm

165 3777 390 3882 popopmpto
421 3779 634 3877 πεμπομένη
667 3779 803 3876 δῶρον.
854 3783 1022 3877 Agooor'm
1055 3785 1144 3856 lilius
1168 3783 1284 3857 Pboe·

166 3907 225 3977 uin
250 3929 310 3976 rex
335 3907 401 3980 luit
425 3907 496 3979 eins
521 3907 682 4002 regionis,
711 3929 794 4000 quae
820 3906 961 4003 abipso
987 3909 1077 3980 dictu
1103 3910 1282 3982 cx-Pboc-

165 4029 252 4103 nicos
302 4030 391 4102 Eius
412 4033 541 4127 posteri
564 4039 654 4120 ruunt,
682 4031 736 4125 qui
765 4053 798 4099 v.
823 4033 913 4104 283.
930 4027 1130 4132 Ἀγήνορος
1153 4034 1283 4120 παῖδος

165 4159 205 4231 ἐκ
230 4151 379 4230 παίδων
405 4164 576 4230 vocantur.
603 4154 691 4245 Quid
716 4154 822 4248 igitur
844 4157 910 4229 boc
935 4160 1075 4232 monstri
1102 4170 1168 4253 cst,
1193 4164 1282 4258 quod

164 4283 226 4356 bos
258 4303 349 4383 susm
383 4282 529 4379 ipsorum
562 4279 680 4351 urbem
709 4278 838 4374 Tyrum
870 4307 1079 4381 expugnasse
1112 4288 1160 4360 ait
1181 4290 1281 4362 sobo*

162 4403 311 4511 lieston?¹
334 4434 377 4496 cx
404 4431 468 4506 quo
494 4407 656 4505 sequitur,
680 4412 718 4480 ut
741 4407 918 4503 populares
941 4419 976 4483 ct
1000 4418 1284 4514 cognatascapti-
