3022 5140
658 333 705 406 33

226 519 357 614 βολαῖς
382 513 504 619 λόγων
530 515 567 590 δ’
595 515 793 616 εὐφρόναν

228 641 577 740 παραβαλλόμεναι,
603 639 747 740 Κύπρις
772 642 841 716 εἷλε
865 642 989 728 δόλοις
1016 651 1091 696 *i*

225 770 393 866 τερπνοῖς
416 762 487 862 μὲν
500 766 679 880 ἱᾶκοῦσαι,

227 888 365 990 πικρὰν
389 888 431 964 δὲ
460 887 642 992 σύγχυσιν
665 892 756 992 βίον
779 899 948 996 Φρυγῶν
973 895 1071 973 πόλει

227 1015 384 1111 ταλαίνᾳ
407 1013 610 1118 περγάμοις
625 1017 671 1092 τε
701 1019 845 1118 Τροίας.

554 1161 732 1257 στροφὴ
757 1159 812 1256 β’.

224 1283 303 1354 εἴθε
329 1279 368 1356 δ’
396 1279 488 1380 ὑπὲρ
514 1291 678 1381 κεφαλάς
699 1285 832 1381 ἔβαλεν
852 1289 971 1365 κακὸν

225 1406 251 1479 οἳ
276 1403 437 1481 τεκοῦσά
463 1435 525 1482 νιν
549 1405 682 1508 μόρον,

226 1529 315 1627 πρὶν
335 1529 468 1608 Ἰδαῖον
493 1533 701 1610 κατοικίσαι
727 1537 849 1624 λέπας,

224 1657 286 1730 ὅτε
309 1684 372 1732 νιν
396 1657 498 1755 παρὰ
522 1656 708 1761 θεσπεσίῳ
734 1658 864 1760 δάφνα

221 1777 339 1878 βόασε
362 1778 594 1884 Κάσσανδρα
616 1790 778 1874 κτανεῖν,

220 1904 388 2008 μεγάλαν
412 1905 594 2007 Πριάμου
618 1905 758 1995 πόλεως
782 1907 922 2009 λιόβαν.

219 2030 296 2107 τίν’
323 2032 393 2107 οὐκ
418 2034 574 2130 ἐπῆλθε,
601 2041 709 2111 ποῖον
734 2035 804 2112 οὐκ
829 2035 986 2113 ἐλίσσετο

220 2154 509 2260 δαμσγερόντων
532 2159 673 2259 βρέφος
697 2162 892 2259 φανεόεινς

401 2285 405 2292 ’
492 2281 784 2404 άντιστρσφὴ
809 2301 865 2399 β’.

222 2424 381 2518 οὔτ’άν
406 2425 464 2500 ἐπ’
489 2422 611 2500 Ἰλιάσι
637 2425 752 2529 ζυγὸν
774 2427 892 2521 ἤλυθε

202 2683 276 2746 280.
320 2681 406 2742 Lasc.
439 2694 468 2742 et
487 2681 562 2742 Mss.
586 2677 683 2765 λόγοις
704 2683 820 2756 δολίοις.
862 2680 932 2741 ΑΙό.
957 2681 1021 2740 ιεΙΙ.
1044 2677 1153 2764 λόγοισι
1182 2684 1229 2744 δο-

117 2766 209 2842 λίοις,
200 2785 360 2870 ,ριιαα
323 2778 368 2824 est
388 2767 498 2825 metrici
520 2767 639 2826 alicuius
662 2767 735 2826 mula
756 2768 907 2825 eorrectio.
958 2765 1140 2843 Musgravius
1161 2785 1230 2826 con·

117 2851 190 2909 iecit
210 2854 306 2930 λογοις
326 2844 459 2928 αιρόλοις
487 2851 532 2908 vel
553 2845 670 2923 αἰόλοις.
712 2849 780 2909 Νοιι
804 2848 943 2909 videtur
934 2871 963 2908 ιιι
986 2849 1040 2908 hoe
1062 2850 1125 2908 Ιοοο
1148 2849 1229 2928 quid-

1243 535 1304 598 285

118 2952 205 3014 quum
227 2933 299 2991 certi
320 2933 381 2991 siue
402 2933 565 2992 melioribus
587 2934 666 2992 libris
689 2935 822 2994 constitui
837 2953 931 3014 posse.
975 2933 1051 2992 Num
1073 2944 1122 2992 ιιιιι
1141 2935 1230 2993 inter·
1286 2941 1290 2957 ¹

118 3016 243 3097 pretatis
272 3026 318 3074 est
345 3012 441 3097 λόγοις
468 3015 577 3088 δολίοις
604 3017 734 3076 vocabuli
763 3019 849 3097 quale
867 3028 911 3077 est
920 3012 1135 3116 γοητεύμασιν,
1167 3029 1226 3090 aut,

117 3098 197 3197 quo6
226 3100 322 3158 neseio
343 3119 380 3158 un
401 3100 462 3159 veri
485 3100 604 3158 similius
625 3102 678 3172 sit,
710 3095 807 3172 δόλοις
827 3102 940 3180 scripsit
960 3099 1112 3179 Euripides
1132 3099 1229 3160 addito

117 3183 288 3264 participio
312 3181 386 3261 quod
407 3193 457 3241 auu
477 3181 513 3241 οδ
528 3181 683 3254 Venerem,
707 3194 756 3241 aut
778 3181 814 3242 ad
829 3182 926 3242 Parim
942 3185 1116 3255 refermus,
1131 3180 1230 3266 λόγοις

117 3277 214 3326 autem
244 3267 363 3325 aliorum
391 3266 526 3324 librorum
556 3266 695 3344 scriptura
723 3277 782 3337 est,
814 3263 850 3324 ad
879 3260 976 3336 δόλοις
996 3263 1140 3324 adnotatu.
1183 3267 1228 3326 Ea

118 3367 223 3408 causes
250 3344 348 3421 δόλοις
369 3350 466 3428 posui,
496 3345 644 3407 additis·
621 3350 709 3426 signis
731 3350 859 3409 lacunae.
903 3343 1020 3430 Πικράν
1040 3345 1072 3411 δὲ
1092 3345 1229 3432 σύγχυσιν

118 3433 239 3493 effectus
260 3430 403 3491 indicandi
425 3451 526 3492 caussa
547 3430 651 3490 dietum
673 3451 736 3491 esse
756 3431 827 3492 sidit
846 3431 997 3492 Matthiae.

203 3523 277 3586 290.
321 3521 390 3582 Par.
421 3522 468 3583 Ε.
488 3523 568 3586 ΕΙσι.
588 3526 620 3587 2.
651 3525 736 3584 Lasc.
759 3525 829 3585 Ald.
854 3520 977 3588 εἴδεά.
1021 3522 1096 3585 Mss.
1121 3528 1227 3585 caeteri

120 3601 186 3670 ἀλλ’
211 3600 282 3670 66’.
324 3605 437 3667 Deinde
456 3605 525 3666 ΑΙδ.
544 3607 609 3668 ιοΙΙ.
633 3628 696 3668 cum
718 3604 905 3672 scholiaste‘
884 3606 958 3690 νπὲρ
973 3613 1110 3688 κεφαλᾶς.
1139 3609 1224 3670 Lesc.

120 3703 151 3750 et
171 3689 245 3749 Mss.
268 3684 341 3770 ὑπὲρ
362 3686 499 3768 κεφαλὰν.

204 3783 278 3846 291.
321 3780 390 3840 ΑΙό.
409 3777 511 3842 ιαΙΙ.“
491 3805 555 3854 ατις
576 3781 657 3845 τέκεν
671 3779 739 3845 κοτὲ
756 3777 862 3863 Πάριν.
890 3784 975 3844 Lase.
993 3796 1023 3843 et
1037 3782 1110 3842 Mss.
1129 3803 1227 3842 omnes

122 3859 285 3928 άτεκσῦσά
304 3887 351 3926 νιν
373 3859 485 3972 Πάριν,
507 3867 562 3924 uisi
583 3865 658 3946 quod
677 3867 762 3926 Lusc.
781 3867 863 3946 piene
885 3868 1058 3966 interpungit
1078 3875 1142 3963 post
1164 3860 1227 3924 H6·

122 3971 177 4051 ριν.
219 3948 412 4008 scholiastae:
444 3948 508 4010 ε’όθε
527 3944 599 4030 όιιὲρ
620 3954 750 4051 κεφαλῆς
769 3953 821 4010 τοῦ
842 3945 975 4052 Πάριδος
995 3947 1077 4046 ἔβαλε
1096 3942 1228 4008 θάνατον

120 4027 142 4110 ῆ
168 4036 292 4093 τεκοῦσα
317 4026 368 4112 τόν
398 4027 503 4135 Πάριν.
547 4033 611 4095 εἷ’θε
630 4027 703 4114 ικιὲρ
723 4037 852 4110 κεφαλῆς
873 4027 1005 4112 Πάριδος
1025 4025 1156 4091 θάνατον
1176 4053 1227 4091 κα

121 4110 286 4194 τέθηκεν’
265 4140 284 4194 ιγ
305 4119 428 4177 τεκοῦσα
443 4111 503 4178 τὸν
519 4111 625 4197 Πάριν.
666 4115 713 4174 Ex
734 4115 778 4173 his
779 4125 921 4216 apertum
937 4124 981 4174 est
996 4113 1142 4211 scripsisse
1158 4133 1226 4191 poe·
1296 4195 1304 4210 ,

114 4209 196 4257 ¹tum:
220 4194 332 4260 εόθεδ
356 4192 428 4280 ὖιιὲρ
448 4205 576 4276 κεφαλᾶς
597 4197 697 4277 ἔβαλεν
717 4192 809 4261 κακὸν
830 4192 850 4258 ά
869 4191 992 4258 τεκοῦσά
1010 4217 1059 4257 νιν
1078 4189 1176 4276 μόρον.

203 4285 276 4348 292.
321 4285 440 4366 Aliquot
459 4287 543 4347 codd.
566 4290 742 4367 κατοικῆσαι

151 4373 277 4436 294.
322 4374 402 4435 Libri
424 4371 590 4458 Κάσανδρον.

203 4462 277 4525 298.
321 4462 390 4523 Ραι.
421 4463 458 4524 Ε.
486 4465 566 4525 Fer.
589 4465 620 4527 2.
644 4463 733 4525 Τιιιιι.
758 4463 854 4524 Gueii.
878 4460 946 4524 Ald
970 4459 1055 4547 Lssq.
1079 4454 1164 4544 ζυγὸς
1185 4495 1225 4506 -·

123 4538 260 4617 δοάλειος.
303 4545 418 4607 (laeteri
439 4547 523 4609 codd.
546 4543 694 4632 ζυγδν-
651 4543 884 4618 δ-σόλιισκ

165 4640 403 4708 Euenum
430 4649 658 4712 Andromedae.
1050 4645 1070 4708 3
