3026 5134
787 340 871 388 xxu

270 520 323 591 cis
349 517 457 595 verbis
483 517 639 592 adunirari
659 539 697 589 se
721 514 804 589 dicit
829 515 1002 589 consilinm
1015 514 1208 608 Menoecei,
1234 523 1394 614 optatque

273 654 311 717 nt
336 645 400 717 sibi
426 645 597 741 continget
622 643 748 716 similes
774 642 899 716 liberes
920 665 1056 738 parare.
1108 641 1215 734 Quam
1241 667 1309 716 nnn
1334 666 1393 716 ae·

270 771 510 846 commodatum
537 771 581 843 sit
606 770 656 843 rei
682 757 777 866 qnam
803 769 860 864 agi
878 767 1003 841 audivit
1019 769 1141 843 eburna
1164 769 1231 842 bec
1246 793 1391 860 carmen,

270 920 368 992 quam
391 899 500 972 aliene
523 898 585 969 illa
610 895 652 968 ad
677 895 845 968 fastidium
865 917 969 990 usque
990 896 1134 992 repetita
1153 893 1318 994 Sphingis
1334 896 1395 967 dc·

271 1024 410 1119 scriptio
436 1023 605 1120 solutique
623 1021 888 1095 commemoratio
914 1021 1122 1117 aenigmatis,
1149 1046 1245 1118 quarn
1269 1023 1395 1118 frigida

272 1158 308 1221 et
322 1151 361 1221 ab
377 1148 528 1222 humanis
546 1149 698 1222 sensibus
713 1149 892 1223 abhorrens
906 1149 967 1221 illa
985 1147 1040 1220 vix
1065 1149 1213 1246 paullum
1227 1173 1393 1245 generose

272 1274 450 1373 Menneeei
467 1276 617 1348 -ccnsiliu
643 1283 733 1350 tacta
749 1274 881 1367 levitas,
908 1299 1003 1347 neme
1029 1299 1097 1348 nnn
1122 1257 1225 1368 ridet,
1241 1275 1394 1372 dixitque

272 1399 415 1476 Gratius
441 1409 475 1474 et
499 1402 650 1499 pluribus
676 1403 833 1499 exposuit
858 1402 995 1475 Marus.

373 1527 478 1600 Redit
507 1553 595 1602 nune
626 1528 738 1600 sabula
769 1530 806 1601 in
836 1529 944 1620 ¹vienn,
978 1551 1074 1624 quum
1099 1535 1215 1600 tenere
1239 1527 1393 1602 debebat.

271 1651 345 1726 Iam
378 1655 465 1726 enim
498 1654 590 1727 venit
620 1656 767 1748 nuntius,
797 1655 989 1753 ingentique
1007 1655 1158 1727 clamere
1184 1679 1229 1728 ex
1253 1655 1392 1727 aedibus
1492 1735 1493 1768 ,

272 1789 390 1854 evocat
414 1780 593 1874 locustam,
621 1806 784 1879 quumque
810 1783 920 1854 virere
947 1806 1058 1880 reges,
1082 1782 1261 1879 pulsusque
1276 1782 1392 1854 lmstes

272 1931 347 1980 esse
379 1908 495 2004 paucis
525 1908 720 1999 indicasset,
754 1916 880 2005 septem
916 1908 1017 1981 duces
1042 1908 1186 1982 bostium
1212 1931 1391 2005 eurumque

271 2033 418 2130 insignia
451 2043 485 2107 et
517 2033 680 2131 quomode
713 2043 895 2132 pugnatum
927 2035 985 2127 sit,
1018 2035 1101 2107 bene
1127 2034 1297 2126 describit,
1324 2035 1390 2106 nisi

271 2160 360 2257 qued
384 2161 542 2234 inauditn-
558 2162 721 2258 planeque
745 2169 940 2258 portentose
960 2162 1095 2234 invente
1116 2159 1264 2258 Capanei
1287 2185 1391 2233 mem-
1492 2223 1493 2250 q

271 2287 331 2360 bru
356 2286 503 2361 fulminis
536 2288 734 2362 ridisiecta
760 2269 882 2364 narrat.
935 2287 977 2361 In
1002 2262 1191 2360 universum
1216 2287 1391 2360 manifesta
1492 2257 1493 2284 ἓ

269 2415 305 2486 in
331 2415 383 2487 bis
408 2423 461 2487 est
485 2415 626 2488 imitatio
651 2416 823 2512 Aeschyli,
851 2416 915 2488 etsi
939 2415 1097 2513 pleraque
1121 2415 1242 2505 emnia,
1257 2424 1392 2510 praeter

271 2565 407 2612 vacuum
440 2541 627 2639 insignibus
660 2543 803 2639 clipeum
835 2542 1049 2640 Amphiarai,
1076 2563 1171 2638 quem
1199 2542 1313 2614 nescia
1348 2565 1391 2613 an
1491 2579 1492 2584 ,

272 2675 409 2764 uterque
434 2679 535 2766 poeta
560 2694 604 2742 ex
630 2671 764 2765 cyclicis
791 2671 988 2742 carminibus
1003 2669 1183 2766 acceperit,
1201 2668 1300 2740 aliter
1313 2676 1390 2740 suut
1491 2727 1492 2732 ,

270 2771 459 2892 descripta,
477 2796 587 2886 Quum
613 2785 737 2890 aliquid
763 2796 905 2867 reticere
932 2796 1082 2868 uideatur
1096 2796 1243 2886 nuntius,
1257 2794 1389 2867 tandem

272 2929 411 3016 urgente
437 2919 573 2992 lomsu
598 2919 787 3011 confitetur,
814 2921 968 3016 queniam
989 2922 1128 3019 ancipiti
1141 2921 1271 3020 proelio
1286 2943 1389 2994 excr-

271 3048 358 3120 citus
391 3046 625 3136 discesserint,
658 3045 748 3120 filins
783 3045 909 3145 Oedipi
942 3047 1105 3146 singulari
1136 3048 1315 3122 certamine
1347 3047 1389 3118 de

270 3173 409 3246 victoria
437 3173 648 3247 dimicaturas
675 3174 715 3245 ab
742 3175 812 3247 suis
838 3184 1011 3272 utrumqne
1037 3176 1171 3268 armari,
1197 3175 1389 3271 mouerique

270 3310 307 3372 ut
331 3301 464 3374 fortiter
489 3309 649 3398 pugnent.
700 3302 827 3392 Quibus
854 3303 975 3375 auditis
999 3281 1200 3406 dntigcnam
1227 3325 1271 3374 ax
1297 3300 1389 3373 aedi-

270 3427 331 3499 bus
361 3434 532 3499 enncatam
563 3426 722 3500 festinare
748 3453 859 3502 secum
884 3429 976 3501 iubet
1002 3429 1042 3500 ad
1068 3428 1310 3526 Mpediendum
1335 3427 1390 3499 lu·

270 3560 399 3627 nestum
431 3560 608 3628 certamen.
666 3554 720 3627 Ea
751 3557 858 3652 prinnm
891 3557 1039 3652 paullum
1072 3564 1244 3646 cunctata,
1279 3557 1390 3651 (amu

171 3761 178 3770 ,
270 3681 357 3754 enim
396 3678 578 3776 Euripides
613 3681 774 3779 virginum
810 3683 909 3757 etiam
949 3683 1172 3781 importunum
1210 3681 1388 3780 pudorem)

270 3833 349 3881 mnu
380 3830 522 3905 propera
556 3831 630 3880 cum
662 3817 767 3880 matra
801 3808 883 3880 abit.
933 3807 1068 3883 Gbnrns
1096 3818 1217 3902 autem,
1242 3818 1281 3881 ut
1305 3833 1389 3883 ean·

270 3944 460 4007 sentaneum
494 3941 568 4025 est,
602 3944 721 4008 metum
755 3936 853 4008 simul
879 3961 974 4009 suum
999 3945 1033 4010 et
1059 3937 1208 4013 delerem
1232 3944 1311 4034 apte
1338 3937 1387 4008 rei

175 4108 179 4112 -
270 4062 415 4134 carmine
441 4061 562 4158 aperit.
627 4115 630 4126 .

371 4184 564 4284 Sequuntur
596 4213 725 4260 rursum
758 4189 878 4263 aliena.
937 4188 1043 4263 Venit
1074 4190 1160 4262 enirn
1194 4187 1296 4280 Creu,
1330 4189 1388 4284 qui

271 4337 369 4409 quum
394 4313 523 4386 interes
547 4323 685 4388 mertem
711 4315 774 4388 lilii
799 4318 1027 4413 comperisset,
1055 4319 1148 4413 (nam
1170 4323 1304 4414 praeter
1318 4339 1387 4387 mc·

271 4463 340 4512 nam
364 4439 431 4512 bac
462 4465 528 4512 nnn
554 4441 588 4514 in
623 4443 789 4514 sennaab
814 4444 930 4515 nuntie
963 4453 1129 4516 narrutmn
1162 4445 1252 4541 arat)
1284 4465 1389 4538 ruga·
