2974 5138
617 316 667 393 25

264 493 408 598 δίδυμοί
433 525 472 574 τι
498 498 587 585 Διὸς
611 487 616 498 ’

264 625 334 700 οὐκ
358 622 574 722 εὐδαιμονεῖ
595 621 700 700 τέκεα
723 624 827 725 φίλα,

260 745 389 845 χθόνα
412 745 455 825 dd
480 744 637 850 ποίτριον
662 750 732 846 οὐχ
757 751 860 852 ὁρᾷς,

264 871 327 950 διὰ
355 871 396 950 δὲ
422 873 555 960 πόλεας
579 877 722 973 ἔρχεται

263 994 390 1096 βοίξις,
413 998 439 1072 ἅ
462 1021 503 1073 σε
526 999 757 1100 βαρβάροισι

264 1123 398 1221 tepent,
424 1124 579 1213 πότνια,
603 1123 875 1225 παραδίδωσιν,

265 1247 286 1323 ὅ
312 1247 354 1323 δὲ
378 1239 440 1332 ude
466 1250 507 1325 ἐν
531 1247 593 1324 ἁλὶ
617 1246 760 1349 κύμασί
779 1277 817 1326 τε
842 1251 899 1325 λε’-

265 1381 367 1449 λοιιιε
390 1371 539 1472 βίοτον,

264 1494 461 1574 οὐδέποτ’
488 1499 541 1574 ἔτι
568 1495 707 1600 ποίτρια
731 1500 905 1599 μέλαθρα

265 1621 329 1697 καὶ
352 1621 426 1699 τὰν
443 1623 671 1703 Χαλκίοικον
696 1625 841 1724 ὀλβιεῖς.

531 1845 760 1920 ΕΛΕΝΗ.

519 1997 696 2099 στροφὴ
720 1995 767 2103 γ’.

262 2131 356 2228 φεῦ,
381 2127 437 2214 τίς
460 2128 508 2228 ἧν
533 2136 723 2237 Φρυγῶν,
748 2129 805 2216 τίς
826 2127 886 2228 ἦν,

261 2251 334 2329 τὰν
358 2252 618 2356 δακρυόεσσαν
640 2255 731 2358 Ἰλίῳ
755 2285 795 2332 τε
819 2255 964 2334 πεύκαν

264 2377 306 2462 ὃς
327 2379 429 2478 ἔτεμε
453 2385 529 2464 τοῖς
553 2379 786 2466 θ’Ἑλλανίας
810 2380 884 2456 ἀπὸ
906 2374 1071 2478 χθονός,·
1172 2365 1174 2370 ’

89 2534 394 2556 Ἣ

167 2610 210 2674 V.
233 2621 308 2676 231.
351 2613 420 2678 Nou
441 2614 573 2692 dixisset,
595 2618 708 2699 opinor,
732 2617 774 2676 sic
794 2612 868 2675 nude
884 2611 902 2678 d
916 2609 949 2676 di
965 2608 1029 2690 είς,
1051 2612 1105 2674 nisi
1117 2633 1201 2692 prae·

91 2695 226 2756 cessisset
247 2696 427 2781 βαρβάροισι
448 2699 558 2780 λέχεσι,
587 2699 662 2782 quod
680 2699 756 2760 idem
776 2709 821 2758 est
839 2718 873 2758 nc
892 2693 1037 2781 βαρβάρῳ
1059 2693 1156 2760 πόσει.

99 2871 107 2896 ‚
168 2795 212 2897 V
236 2806 311 2860 2³4.
360 2799 443 2860 Libri
469 2819 567 2861 omues
597 2795 722 2880 ὀλβιοῖς.
772 2797 904 2879 Scaliger
927 2808 957 2860 et
975 2798 1016 2859 ll.
1039 2797 1200 2882 Stephanus

90 2879 212 3023 “QVI
236 2967 312 3028 235.
356 2964 389 3026 lu
410 2964 490 3027 libris
506 2967 628 3046 antiquis
645 2965 728 3027 deest
745 2983 886 3046 personae
905 2976 991 3039 note,
1014 2967 1094 3026 cuius
1113 2968 1203 3027 vesti·

91 3044 165 3122 ρίοιο
187 3046 217 3109 ἰο
238 3047 331 3110 reteri
355 3047 455 3109 codice
476 3052 603 3130 repperit
621 3049 781 3111 Victorius.
833 3051 916 3109 llnnc
935 3059 1043 3128 partem
1068 3051 1201 3110 carminis

90 3127 190 3188 mirum
211 3142 256 3190 est
273 3151 325 3211 pro
345 3130 437 3210 epodo
459 3132 581 3192 habitam
600 3151 686 3206 esse,
717 3152 802 3212 quum
818 3133 996 3212 apertissime
1014 3133 1051 3191 sit
1066 3135 1201 3192 antistro·
1307 3171 1309 3178 ·

90 3209 191 3289 phica,
217 3213 380 3296 depravatis
398 3214 509 3295 quidem
528 3217 668 3276 nonnullis
681 3217 811 3276 versibus
830 3217 898 3275 vitio
916 3215 1102 3294 antiquissimi
1123 3214 1203 3276 codi-

92 3295 150 3366 cis,
172 3314 210 3356 cx
231 3319 286 3380 quo
305 3299 345 3358 ita
365 3296 487 3371 detrito,
509 3308 541 3358 ut
556 3298 612 3376 legi
628 3310 707 3358 recte
727 3319 784 3358 uon
800 3307 937 3379 possent,
960 3297 1118 3377 descriptos
1135 3319 1201 3360 esse

92 3389 215 3456 oportet.
258 3381 371 3441 luitiunu
392 3383 525 3461 strophae
546 3382 676 3443 inlibris
699 3383 739 3442 ita
756 3383 878 3462 legitur:
910 3385 978 3460 φεῦ.
1001 3386 1070 3460 φεῦ.
1097 3383 1143 3458 τίς
1161 3375 1202 3463 ἦν

93 3462 239 3545 &puppim
268 3462 358 3544 ἢιίς
380 3462 537 3539 Ἑλλανίας
567 3461 630 3527 αἰιό
653 3460 782 3545 χθονὸς,
813 3466 895 3544 ἔτεμε
921 3461 977 3526 τᾶν
999 3463 1203 3546 δακρυόεσσαν

90 3540 171 3627 Ἰλίῳ
193 3543 324 3626 πεύκαις
344 3548 412 3609 Νοιι
425 3548 538 3610 dubium
555 3548 683 3624 videtur,
703 3548 775 3610 haec
794 3569 831 3610 ex
853 3549 971 3610 lacerati
990 3549 1055 3609 libri
1072 3551 1201 3630 vestigiis

91 3639 241 3712 utcumque
259 3632 415 3712 composita
432 3650 516 3692 esse:
540 3652 603 3692 uam
620 3643 650 3692 et
660 3634 801 3694 sententia
814 3635 912 3712 inepta
925 3643 981 3707 est,
1001 3651 1055 3693 uec
1068 3635 1130 3693 sani
1150 3655 1204 3694 uu·

93 3715 174 3774 neri.
222 3715 354 3795 Respicit
377 3714 532 3794 Euripides
558 3715 749 3790 Phereclum,
780 3737 862 3797 quem
888 3715 1032 3777 Homerus
1056 3713 1137 3776 Iliad.
1157 3717 1199 3778 V.

93 3801 143 3859 59.
163 3816 248 3878 seqq.
271 3797 370 3858 Paridi
395 3818 483 3860 naves
508 3799 571 3858 illus
589 3796 775 3880 ἀρχεκάκους
792 3800 958 3860 lubricatum
974 3819 1039 3860 esse
1057 3798 1199 3879 prodiditr

94 3881 187 3959 itaquo
217 3893 298 3942 recte
323 3880 428 3944 dictum
451 3882 497 3955 τίς
516 3873 557 3957 ἦν
578 3885 724 3964 Φρυγοῖυς
747 3883 798 3946 sed
818 3881 941 3943 absurda
962 3893 1043 3954 sunt,
1065 3900 1137 3960 quae
1154 3899 1201 3939 se·

96 3975 225 4043 quuntur.
268 3964 345 4025 Nam
365 3966 421 4027 etsi
439 3965 576 4026 credibile
595 3978 659 4040 est,
681 3978 713 4026 ut
730 3967 878 4046 Piluglrius
896 3968 955 4038 ait,
977 3967 1125 4043 ignorasse
1139 3964 1202 4022 He-

95 4047 185 4106 leuaru
202 4067 307 4108 nomeu
325 4050 408 4108 istius
428 4048 568 4122 hominis,
596 4061 690 4111 tamen
710 4049 849 4129 quomodo
866 4051 894 4110 ei
913 4050 942 4107 iu
963 4047 1205 4126 mentemveuire

94 4130 198 4209 potuit,
220 4131 364 4192 Graecum
383 4131 525 4193 homiuem
544 4133 573 4192 in
588 4132 714 4214 Phrygia
735 4134 844 4194 abietes
866 4129 1024 4200 cecidisse,
1047 4130 1202 4210 exquibus

94 4213 176 4273 Paris
191 4214 246 4275 silui
261 4234 362 4275 navem
384 4214 514 4276 iaceret‘l
547 4215 635 4276 Immo
650 4215 791 4275 Graeciae
809 4234 870 4274 eam
892 4231 991 4273 navem
1010 4228 1099 4291 aeque
1117 4225 1202 4295 atquo

94 4297 143 4357 llio
159 4299 352 4382 perniciosum
372 4299 460 4358 luisse
476 4318 511 4359 eu
528 4299 617 4378 magis
636 4297 734 4360 dicere
752 4296 865 4368 debuit,
889 4292 963 4373 quod
979 4314 1034 4364 nou
1051 4305 1106 4376 tam
1121 4301 1203 4364 ,exci-

95 4379 166 4442 dium
187 4382 310 4454 Troiae,
332 4401 415 4461 quam
433 4382 576 4444 interitum
597 4380 726 4441 Menelai
748 4381 837 4458 luget.
882 4378 980 4459 ltaque
1000 4379 1113 4441 correxi
1131 4380 1204 4442 haee

96 4465 146 4538 sic,
170 4476 202 4525 ut
216 4485 267 4527 res
286 4464 458 4546 postulabat,
481 4476 511 4525 et
528 4463 720 4525 monstrabant
729 4481 830 4542 versus
844 4462 1052 4544 nutistroplici,
1071 4464 1095 4523 ε’
1104 4462 1205 4548 quitus

95 4560 210 4629 apparet
222 4549 275 4612 iric
295 4549 411 4610 tertium
432 4567 544 4612 versum
563 4558 629 4611 autc
648 4545 802 4610 secuudum
822 4547 991 4610 collocatum
1007 4541 1108 4608 luisse.
