2996 5136
166 491 245 549 1375

769 296 842 368 136

417 477 606 575 ’πύρωσας
630 477 671 550 ἐν
699 481 777 558 σοῖς
801 472 999 572 θαλάμοις,

419 607 533 696 μῆνιν
560 597 585 673 6
588 600 600 626 ³
627 597 718 694 εἶχες
741 596 906 701 μεγάλας

257 773 524 786 Μ

255 883 314 921 sam
342 862 379 922 ab
406 865 546 943 neglectis
576 882 695 942 magnae
721 866 818 923 matris
845 867 935 926 saeris
964 877 1108 946 repetens.
1158 865 1342 925 Similiter
1334 886 1363 923 ru

256 945 460 1026 Hippolytov
479 956 549 1012 141.

506 1043 543 1109 ad
551 1044 620 1152 τάρ
620 1043 775 1121 ’,ἔνθεος
804 1071 828 1108 ω
851 1043 957 1127 euripo,

507 1127 613 1192 εἴτ’ἐκ
636 1126 757 1203 Πανός,
784 1127 845 1192 εἴθ’
863 1129 1004 1217 Ἑκάτας,

506 1155 528 1288 di
549 1217 668 1317 σεμνοῖν
690 1212 906 1320 Κορυβάντων,

507 1295 530 1376 οἳ
551 1293 663 1403 μοιρός
682 1293 791 1403 porri,
813 1294 923 1377 ὄρειάς.

508 1377 631 1444 οὐδ”
612 1382 692 1460 αμφὶ
714 1377 770 1444 τάν
790 1379 972 1462 πολύθηρον

508 1465 678 1526 Διίιιοννοιν
699 1462 881 1544 άμπλοικλαις

508 1547 629 1630 άνίερος
651 1543 778 1612 α’θύιων
799 1547 938 1613 πελάνων
956 1544 1067 1628 τρύχει.

345 1655 436 1710 1376.
481 1646 556 1709 Ε66.
587 1659 655 1709 vett.
688 1652 778 1727 μῆνιν
808 1646 833 1711 6’
863 1647 939 1728 ἔχεις
966 1644 1103 1751 μεγάλας
1122 1669 1235 1727 μητρος
1256 1671 1280 1711 ω
1301 1649 1372 1717 παῖ,

260 1729 372 1805 θυσίας
397 1726 434 1793 oni
461 1735 619 1814 σεβίζουσα
641 1737 736 1806 θεοῖς.
773 1733 854 1793 Flor.
876 1745 905 1796 l.
922 1743 953 1794 2.
982 1726 1109 1812 ματρὸς,
1142 1729 1216 1809 quod
1244 1731 1370 1791 restitnit

261 1814 418 1887 Matthiae,
451 1818 497 1914 qpi
518 1815 678 1896 Musgnavii
701 1815 925 1876 emendationem
948 1810 1024 1894 εἶχες
1043 1825 1074 1874 et
1094 1814 1211 1876 Heathii
1233 1817 1315 1888 θεάς
1332 1832 1369 1876 ne

261 1901 490 1960 commemoravit
511 1899 639 1979 quidem:
663 1917 716 1958 nee
735 1901 826 1996 magis
841 1899 1002 1978 Pilngkius.
1046 1895 1087 1958 Et
1107 1908 1201 1958 tamen
1221 1907 1370 1976 utrumque

262 1991 325 2041 erat
341 1981 554 2058 recipiendum,
592 1994 624 2042 ut
645 1983 786 2041 sententia
807 1993 886 2042 reete
908 1981 1087 2062 pmooederet
1134 1977 1285 2045 Caeterum
1312 1999 1371 2040 uon

261 2064 357 2142 inepte
378 2065 446 2125 milri
472 2063 581 2126 videtur
601 2065 743 2124 Heatlrius
764 2065 924 2139 iudicasse,
948 2066 995 2146 qui
1016 2075 1102 2124 totum
1125 2064 1179 2124 lroe
1199 2064 1280 2130 elteri
1303 2082 1372 2122 ear·

261 2165 327 2206 meu
354 2166 392 2208 ex
419 2148 476 2209 alia
503 2159 640 2229 sumptum
665 2167 730 2209 esse
753 2148 901 2228 tragoedia
929 2160 975 2209 est
997 2148 1168 2228 suspicatus.
1212 2146 1272 2208 Vix
1293 2145 1372 2206 enim

263 2227 401 2292 credibile
423 2242 486 2304 est,
511 2252 545 2292 ea
566 2252 687 2306 eanssa,
711 2242 742 2290 nt
763 2234 861 2314 paneis
882 2233 978 2293 verbis
1000 2228 1113 2291 adversi
1134 2231 1264 2293 Helenae
1286 2249 1371 2290 easus

263 2331 300 2374 ex
321 2313 365 2374 ira
385 2313 490 2376 Idaeae
510 2317 607 2376 matris
628 2326 838 2395 repeterentur,
861 2317 940 2376 cuins
960 2315 1003 2376 rei
1024 2315 1053 2374 in
1076 2323 1135 2372 tota
1148 2311 1296 2413 tragoedia
1311 2313 1373 2372 uul-

264 2396 321 2456 lum
344 2399 494 2477 vestigium
517 2409 577 2471 est,
610 2411 719 2478 raptum
742 2399 951 2478 Proserpinae,
983 2399 1086 2457 lueturn
1108 2398 1225 2470 matris,
1252 2415 1373 2476 gratem

265 2480 393 2542 omnibus
412 2483 629 2542 animantibus
621 2502 703 2555 anam,
726 2484 898 2561 singularem
922 2481 1044 2560 denique
1064 2481 1215 2553 rationem,
1238 2499 1292 2558 qua
1312 2477 1374 2558 pla-

265 2573 330 2623 eata
356 2566 461 2638 inerit,
498 2584 564 2626 esse
583 2565 736 2644 descripta.
789 2565 873 2640 Quod
894 2566 952 2624 uisi
974 2565 1074 2636 fallor,
1112 2563 1297 2626 histrionibus
1319 2561 1375 2622 hoe

266 2645 413 2721 debemus,
436 2650 484 2727 qui
506 2669 557 2728 pro
578 2669 613 2708 eo
636 2650 775 2722 earmina,
796 2647 870 2730 quod
891 2647 1044 2728 Euripides
1067 2657 1211 2726 posuerat,
1234 2643 1338 2706 aliud
1329 2666 1376 2705 m·

267 2742 436 2804 senuerunt,
472 2732 574 2792 leviter
600 2742 752 2804 mutatum,
792 2742 823 2792 ut
849 2732 944 2810 aliquo
968 2741 1046 2790 certe
1067 2728 1150 2789 modo
1172 2731 1316 2811 pertinere
1336 2727 1375 2788 ad
1488 2783 1489 2800 2

265 2813 397 2874 Helenae
418 2808 594 2893 tragoediam
619 2813 775 2874 videretur.
824 2815 891 2874 Non
914 2815 1076 2893 negaverim
1098 2823 1208 2887 mmen,
1238 2814 1301 2872 lieri
1324 2831 1377 2892 po·

265 2897 374 2969 tuisse,
405 2907 436 2954 nt
460 2899 523 2976 ipse
544 2896 573 2955 id
595 2897 697 2956 feeerit
718 2895 883 2976 Euripides.
927 2897 1002 2958 Nam
1022 2895 1196 2956 Aristoteles
1217 2895 1300 2960 Poet.
1322 2903 1374 2970 18,

266 2988 320 3040 22
347 2988 494 3060 postquam
523 2978 594 3038 dixit
622 2980 737 3040 eborum
769 2980 873 3060 aliquid
902 2981 938 3042 ad
966 3001 1027 3040 eam
1054 2998 1113 3038 rem
1141 2999 1213 3060 quae
1235 2981 1264 3039 in
1287 2998 1376 3039 seena

267 3073 369 3140 agatur
389 3064 521 3123 conferre
543 3062 667 3136 totone,
705 3085 761 3123 non
788 3077 880 3124 tamen
905 3076 935 3124 ut
958 3063 1031 3145 apud
1053 3061 1242 3168 Euripidem,
1273 3061 1323 3122 sed
1347 3073 1378 3121 nt

268 3144 344 3226 apud
370 3144 558 3250 Sophoclem,
598 3147 639 3207 sie
648 3150 779 3252 pergit:
821 3153 884 3223 τοῖς
913 3146 946 3210 di
973 3151 1092 3222 λοιποῖς
1120 3142 1157 3208 rol
1182 3142 1315 3252 ρ’δὸμενμ
1338 3141 1377 3208 oui

270 3234 384 3308 μᾶλλον
415 3234 471 3293 τοῦ
488 3222 610 3336 μάθον
641 3226 663 3311 dp*
689 3229 782 3338 άλλιγς
814 3231 1021 3314 τρογῳδίσςὲ
1023 3231 1084 3306 σοι’,
1107 3209 1202 3333 'da'l'
1184 3255 1200 3292 ο
1229 3225 1378 3310 ἐμβόλιμοι

270 3311 394 3396 ᾄ6οοσι,
429 3311 553 3394 πράτοο
580 3311 726 3396 ἄρξοντος
748 3313 924 3422 Ἀγάθωνος
948 3320 1004 3378 τοῦ
1033 3310 1181 3377 τοιούτου.
1225 3314 1324 3375 καίτοι
1346 3313 1378 3374 τί

270 3361 447 3478 6ιειφὲρει6
424 3423 445 3479 η
467 3395 647 3501 ἐμβόλιμοι
636 3397 764 3460 adanu
741 3426 762 3479 ιγ
785 3402 812 3463 εἰ
834 3401 922 3479 ῥῆσιν
943 3398 981 3474 ἐξ
993 3397 1086 3460 ἄλλον
1107 3398 1153 3471 εἰς
1172 3395 1285 3460 άλλο
1264 3393 1377 3478 αρμόι-

269 3503 316 3542 τοι
337 3507 357 3562 η
344 3478 548 3554 6ἒιιειςάθιον
570 3461 666 3559 ὅλον,
693 3483 777 3558 Quod
800 3483 928 3544 dicebam
948 3483 1050 3543 leviter
1072 3492 1205 3542 mutatum
1226 3501 1293 3542 esse
1313 3499 1378 3540 ear·

270 3583 350 3637 men,
381 3576 413 3624 ut
432 3566 554 3626 locum
545 3566 676 3626 invenire
698 3568 727 3627 in
748 3568 863 3628 Helena
889 3577 1003 3647 posset,
1038 3564 1074 3625 ad
1105 3566 1185 3625 hos
1177 3585 1255 3644 ipsos
1276 3583 1378 3626 versus

268 3648 408 3726 pertinet,
440 3651 486 3728 qui
510 3650 593 3729 primi
616 3660 681 3709 snnt
702 3650 844 3710 secundae
864 3650 1068 3728 antistrophae.
1113 3647 1175 3708 Eos
1196 3648 1273 3720 illie,
1302 3645 1379 3708 unde

270 3731 324 3792 bue
346 3733 510 3794 translatum
533 3743 578 3793 est
600 3753 726 3806 carmen,
751 3735 793 3794 sie
815 3734 937 3813 scriptos
960 3733 1053 3794 fuisse
1072 3743 1159 3813 putea

519 3831 556 3896 dv
578 3831 616 3896 oti
638 3829 785 3913 θέμιςσ6,
815 3829 880 3895 οὐδ’
901 3829 980 3909 dota,

519 3913 662 4022 πύρωσις
682 3916 715 3979 ἐν
735 3921 790 4000 γᾶς
810 3913 971 4021 θαλάμοις,

520 3997 658 4103 μῆνιν6’
680 4000 761 4106 ἔσχες
782 3997 910 4082 μεγάλως

435 4107 437 4116 ’
520 4081 649 4192 μριτρός,
677 4075 703 4145 od
725 4089 798 4160 παῖ,
826 4086 937 4158 anoton

521 4191 555 4230 εο
544 4160 661 4250 6ζσεβί
660 4187 735 4230 ouon
755 4173 853 4242 θεοῖς.

271 4269 320 4328 Sia
349 4278 434 4340 totum
462 4289 574 4330 carmen
609 4279 726 4349 apparet
753 4269 973 4347 pulcerrimum
986 4285 1051 4326 esse
1081 4277 1110 4327 et
1138 4268 1376 4330 venustissimam.

270 4351 415 4412 Venerem
445 4355 520 4412 enim
540 4353 691 4432 alloquitur
711 4353 833 4424 chorus,
864 4371 937 4431 quae
961 4361 990 4410 et
1012 4371 1113 4411 amore
1132 4349 1292 4414 incenderit
1311 4350 1380 4409 Plu-

270 4445 378 4507 tonem,
403 4437 458 4494 etsi
475 4437 502 4494 ei
521 4457 576 4495 non
596 4437 640 4494 ias
653 4444 732 4495 esset
746 4436 829 4496 etiam
846 4437 874 4496 in
896 4437 1005 4496 inferos
1020 4443 1188 4514 potestatem
1202 4453 1280 4494 suam
1296 4451 1380 4492 exer·

272 4535 352 4588 aere,
375 4527 415 4589 et,
439 4519 522 4576 aienti
545 4518 597 4578 hoe
618 4529 798 4597 peceaverat,
823 4519 866 4577 sie
887 4519 979 4578 etiam*
993 4517 1086 4591 dmm,
1110 4537 1182 4598 qaae
1201 4527 1282 4596 raptu
1304 4517 1380 4578 filiae
