3028 5136
695 279 720 350 9

257 463 342 540 οὐδ’
369 458 419 536 αὖ
444 459 574 535 κλιτὺν
599 457 805 560 dommum

255 584 328 683 ὠή,
355 582 430 680 ciri,
454 584 474 660 ὃ
500 581 694 685 κεράστας,

253 711 277 807 ἢ
304 711 402 810 ῥίψαι
428 710 563 809 πέτρον
589 705 687 805 τάχα
714 705 796 797 σού,

254 833 327 932 ὠή,
353 835 471 938 ὕπαγ’
499 831 548 922 ὦ,
574 833 694 936 ὕπαγ’
720 831 764 922 αἰ,

251 968 320 1036 τοῦ
349 955 542 1064 μηλοβότα
570 957 776 1056 σιασιωρῖις

252 1082 458 1170 Κύκλωπος
482 1083 691 1188 άγροβάτα.

559 1259 861 1362 ἄντιστροφή.

254 1391 500 1498 σπαργῶντάς
521 1424 588 1491 μοι
614 1394 702 1479 σούς
726 1394 892 1494 μαστοὺς
912 1395 1098 1492 χάλασον·

253 1519 354 1604 δέξαι
382 1522 516 1614 estate
545 1517 748 1619 σποράδων

253 1644 298 1727 ἃς
325 1643 455 1726 λείπεις
480 1644 610 1741 άρνιιλν
635 1639 831 1741 θαλάμοις.

250 1767 417 1844 ποθοῦσί
441 1769 477 1842 o'
507 1765 741 1868 ἁμιρόκοιτοι

248 1893 388 1990 βλαχαὶ
415 1901 585 1994 σμικρῶν
609 1893 755 1971 τεκέων.

148 2240 196 2318 qui
217 2239 302 2300 habet
328 2263 363 2302 oo
383 2240 439 2301 rud
474 2263 526 2315 ον,
557 2261 593 2300 ov
610 2241 687 2322 rpde.
733 2238 919 2299 Scribeodum
943 2253 1021 2300 erat:
1051 2239 1164 2322 ψύττα,
1193 2241 1257 2308 τάδ’
1312 2325 1317 2334 ¹
1424 2275 1426 2282 ·

148 2319 184 2385 οὗ
206 2319 305 2406 σύγ’,
328 2317 364 2385 οὗ
385 2302 453 2384 τάδε
472 2327 560 2402 νεμιῖ.
602 2300 649 2381 Ae
669 2328 753 2400 repsi
770 2324 824 2380 iam
846 2320 998 2382 Matthiae.

230 2423 282 2486 56.
327 2416 466 2480 Libri''
431 2416 494 2483 ουτ’
527 2411 598 2496 οὖν,
628 2432 742 2502 praeter
762 2420 832 2480 Par.
857 2422 929 2480 G.’
921 2445 949 2481 ιιι
972 2443 1027 2526 qpo
1049 2435 1093 2484 est
1121 2417 1187 2486 οὔτ’
1212 2416 1262 2502 αὖ,

149 2504 222 2586 quod
250 2505 391 2564 Matthiae
419 2506 523 2584 aliique
555 2515 734 2584 receperunt.
780 2502 812 2561 ld
840 2521 909 2562 vero
930 2501 997 2567 οὐδ’
1022 2531 1060 2568 ov
1047 2495 1261 2569 scribendum

147 2599 219 2648 crat.
265 2587 340 2648 Dein
361 2589 591 2648 Florentinorum
614 2607 696 2646 error
718 2597 762 2645 est
784 2577 890 2666 κλιτην.

229 2689 282 2752 61.
325 2687 423 2747 Libri:
453 2681 506 2768 ὠή.
539 2687 618 2770 ῥίψω
640 2683 744 2789 πέτρον
768 2681 843 2790 τάχα
864 2704 918 2749 σου
954 2711 1076 2770 νιταγοι,
1094 2713 1197 2773 omero
1215 2715 1262 2756 ιιε·

147 2765 246 2868 ράστα,
267 2765 413 2850 μηλοβότα
435 2771 602 2852 στασίωρον.
645 2765 809 2843 Κύκλωπος
828 2765 982 2851 άγροβότα.
1023 2773 1106 2832 Nihil
1121 2775 1258 2848 variotur,

148 2855 203 2912 nisi
229 2852 303 2955 quod
325 2853 405 2912 Ftor.
429 2858 458 2917 1.
484 2855 575 2935 ρι’ψον
596 2853 696 2925 babet,
728 2853 911 2933 aStephano
934 2866 1026 2914 autem
1049 2868 1196 2935 acceptum
1217 2871 1262 2918 est

145 2933 237 3018 umuy'
262 2925 304 3011 d,
324 2931 416 3019 ὕπαγ’
443 2926 475 2998 ὦ.
517 2935 612 2996 Nemo
635 2957 690 3040 pon
712 2935 790 2996 videt
812 2937 881 2996 haec
903 2937 985 2997 vaide
1002 2941 1166 3083 pertprbata
1184 2961 1258 3002 esse.

147 3019 305 3094 Scribertda
327 3031 393 3123 sppt
413 3020 467 3079 hoc
490 3019 590 3122 tpodo:
622 3015 686 3122 ὠή,
712 3015 771 3121 ὠή,
798 3015 992 3124 ὄιιεράστας,
1014 3016 1034 3100 ἢ
1055 3023 1137 3102 piabor
1149 3023 1262 3128 πέτρον

145 3099 217 3182 τάχα
238 3098 307 3176 σού,
330 3098 389 3180 ὠή,
417 3097 506 3182 ὕπαγ’
528 3092 568 3177 ὦ,
595 3092 735 3182 ὕπαγ’
711 3125 750 3175 ω,
779 3107 832 3162 τοῦ
853 3100 999 3182 pelopides
1019 3103 1179 3188 στασιωρὸς
1199 3104 1261 3170 Κά-

145 3192 259 3259 ιιλοιιιος
287 3180 441 3266 ιἰγροβάτα.
483 3184 552 3242 Νοιι
582 3183 701 3241 dixisset
721 3183 862 3254 Matthiae
893 3197 1054 3286 corruptam
1076 3209 1174 3247 vocem
1197 3210 1262 3250 csse
1357 3191 1360 3199 '

145 3269 321 3350 στασλωρον,
344 3267 394 3326 sed
413 3268 576 3345 scripsisset
598 3275 705 3324 mutato
727 3277 847 3324 accentu
868 3263 1041 3349 στασιωρός,
1064 3271 1090 3327 si
1106 3273 1262 3349 cogitasset

145 3353 238 3412 iuberi
261 3353 378 3410 arietem
397 3367 512 3408 manere
532 3348 568 3409 od
590 3360 700 3407 autrum
723 3348 869 3468 Cpclopis.

228 3453 280 3515 56.
324 3447 400 3508 Edd.
426 3442 613 3530 σιταργῶντάς
632 3471 683 3528 μοι
705 3443 774 3522 τοὺς
795 3443 922 3527 μαστοὺς
941 3443 1073 3528 χάλασον.
1115 3451 1196 3512 Fior.
1224 3455 1257 3516 2.

145 3519 250 3608 omittit
270 3555 319 3612 μοι
338 3528 420 3608 τοὺς,
449 3551 520 3610 quac
543 3533 571 3590 in
594 3533 674 3590 Flor.
699 3533 733 3591 ab
756 3535 812 3591 alia
834 3553 916 3591 mauu
941 3531 1037 3592 addita
1059 3545 1134 3596 sunt.
1178 3529 1260 3597 Scri-

144 3604 266 3678 herdam
296 3627 358 3675 erot
386 3611 457 3688 σοὺς
483 3608 617 3693 μαστούς.
659 3615 1059 3679 HomerusOd.1X.440

310 3710 479 3818 θήλειαιδ’
505 3713 554 3793 ἐμέ
554 3736 648 3794 μηκον
676 3709 847 3794 desipuisset
875 3713 942 3794 περὶ
970 3710 1093 3794 σηκονς·

309 3795 426 3860 οὔθατα
446 3793 501 3880 γάρ
524 3802 731 3880 σφαραγεῦντο.

228 3899 280 3958 57
324 3897 424 3956 Libri.
455 3894 533 3969 δέξαι
559 3901 679 3975 θηλαῖσι
707 3891 833 3976 σποράς,
863 3891 899 3967 ὃς
919 3891 1062 3966 λείπεις’
1029 3901 1145 3993 ,αρνῶν
1165 3894 1258 3960 θαλά

146 3999 229 4056 μοις,
251 3981 390 4038 sententio
411 3979 496 4049 bona,
521 3978 570 4037 sed
592 3979 697 4037 violato
719 3989 821 4037 metro.
865 3979 969 4055 Neque
990 3979 1065 4036 euim
1089 3980 1117 4036 in
1139 3980 1183 4038 his
1205 4003 1257 4039 au-

146 4061 243 4130 meris‚
267 4071 298 4116 ut
318 4061 422 4119 Botbio
444 4061 545 4131 visum,
570 4061 734 4118 choriambo
753 4059 890 4120 diiambus
908 4060 1039 4118 substitui
1056 4071 1159 4161 potest.
1199 4061 1257 4120 Po-

147 4152 229 4202 terat
241 4151 324 4240 poete
344 4138 434 4222 γονάς
455 4143 591 4214 seribere,
616 4144 699 4200 cuius
718 4144 796 4200 vocis
818 4153 912 4202 tamen
934 4163 1016 4200 nemo
1039 4136 1149 4242 σιτορᾶς
1170 4143 1258 4202 inter-

145 4227 333 4328 pretationem
355 4243 418 4282 esse
441 4222 548 4282 credet.
593 4223 690 4297 Quare
715 4226 816 4302 scripsi
833 4224 912 4299 δέξαι
928 4230 1036 4303 θηλαῖς
1052 4219 1259 4324 σποράὸωγάς

144 4309 252 4381 λείπεις
273 4303 371 4388 ἀρνῶν
391 4300 545 4383 θαλάμοις.
586 4305 633 4364 Ex
654 4305 788 4385 dispersis
811 4328 863 4387 per
877 4307 950 4366 ovile
965 4309 1046 4386 agnis
1061 4328 1139 4366 suam
1155 4310 1258 4388 cuique

147 4395 230 4453 matri
252 4391 360 4471 prolem
378 4385 535 4450 iaetandem
556 4387 635 4448 dicit.
679 4389 748 4448 Non
762 4402 840 4451 recte
855 4391 1010 4450 Beruesius
1026 4385 1173 4469 θαλάμαις
1186 4394 1258 4451 scri-

144 4475 265 4536 bendum
288 4475 415 4555 putabat,
441 4471 496 4530 nisi
517 4472 579 4550 quis
602 4471 630 4531 id
652 4471 686 4532 de
708 4475 837 4534 cavernis
860 4475 888 4534 in
911 4485 992 4534 antro
1008 4473 1112 4534 dictam
1128 4488 1254 4578 censeat.
