3012 5130
788 297 836 370 62

259 477 324 576 ἐλᾷ
348 475 401 552 δι’
428 480 541 552 οἴκων
564 475 680 552 τῶνδ’
707 475 911 561 ἐπισπάσας
932 474 1070 575 κόμης,
1137 469 1140 476 ’

260 607 292 676 ελ
317 606 457 698 στεῖρος
476 599 570 677 οὖσα
594 598 733 698 μόσχος
757 602 828 678 οὐκ
852 601 1017 688 ἀνέξεται

259 724 451 810 τίκτοντας
475 727 629 814 ἄλλους,
655 726 725 804 οὐκ
750 729 875 823 ἔχουδ
902 727 997 824 αὐτή
1021 728 1145 804 τέκνα.
1187 757 1190 764 ’

190 849 343 925 70οδλλ’
368 855 399 925 ελ
423 848 467 925 ad
492 849 613 945 κείνης
637 849 809 947 δυςτοχεῑ
833 851 981 932 παίδων
1006 853 1106 952 πέρι,

260 973 421 1058 ἄπαιδας
444 974 542 1072 ἡμᾶς
566 974 625 1051 δεῖ
644 983 872 1071 καταστῆναι
891 977 1031 1054 τέκνων
1038 1007 1052 1066 ,·

260 1097 465 1199 φθείρεσθε
489 1097 615 1194 τῆςδε,
642 1097 781 1196 δμῶες,
809 1101 860 1184 ὥς
885 1100 935 1180 δν
959 1100 1117 1200 ἐκμάθω

260 1228 295 1298 εί
317 1223 373 1308 τίς
394 1253 441 1321 με
466 1219 567 1298 λύειν
590 1221 700 1318 τήνδε
725 1223 883 1301 κωλύσει
900 1225 1021 1326 χέρας.
1055 1285 1063 1292 -

260 1349 385 1448 ἔπαιρε
411 1345 569 1444 σαυτήν·
606 1349 656 1432 ὥς
680 1347 765 1452 ίγαί,
791 1349 922 1450 καίπερ
947 1351 1106 1450 τρέμων,

189 1483 251 1550 705
260 1471 416 1558 πλεκτὰς
438 1469 608 1570 ἱμάντων
633 1474 838 1573 στροφίδας
864 1474 1099 1575 ἐξανὴσσμαι.

260 1594 346 1685 ὧδ’,
376 1593 407 1673 ὦ
432 1594 602 1688 κάκιστε,
623 1598 729 1695 ,τῆςδ
756 1597 925 1698 ἐλυμήνω
947 1602 1060 1703 χέρας
1068 1631 1082 1691 ,·

257 1722 357 1820 βοῦν
382 1721 407 1817 ἢ
431 1722 552 1799 λέοντ’
578 1723 724 1819 ἤλπιζες
748 1723 921 1802 ἐντείνειν
941 1723 1096 1826 βρόχοις
1103 1757 1117 1816 ,·

257 1845 282 1942 ἢ
306 1846 359 1942 μὴ
387 1845 492 1946 ξίφος
515 1851 683 1947 λαβοῦσ’
710 1847 948 2002 δμανιίθοιτδ
970 1876 1009 1926 σε

189 2114 252 2181 710
260 2093 389 2183 §vtem
412 2096 552 2197 μητρὸς
577 2097 700 2197 δέσμ’·
733 2099 772 2175 da
777 2099 855 2176 'dv
880 2099 1054 2200 Φθία’
1017 2126 1041 2175 σ
1081 2101 1155 2204 εγω

258 2289 539 2304 m

260 2411 324 2470 dnm
345 2406 499 2490 putabat‘'
482 2407 560 2493 oy'.
610 2411 644 2474 ld
665 2415 737 2473 hanc
759 2416 926 2474 sententiam
947 2413 1080 2493 praebet,
1116 2433 1154 2472 esc
1183 2433 1226 2476 me
1255 2415 1366 2493 quidem

260 2515 308 2574 σω
325 2505 411 2555 notos
427 2505 481 2566 est,
506 2495 526 2553 i.
545 2514 572 2555 e.
595 2498 645 2575 qni
666 2497 718 2556 tibi
739 2497 883 2558 dissimilis
903 2515 939 2557 ea
957 2517 1015 2600 qua
1036 2515 1090 2575 ego
1112 2507 1217 2570 monte,
1241 2507 1273 2556 nt
1293 2498 1368 2557 fliius

260 2597 350 2651 meus,
373 2588 426 2637 est.
469 2537 556 2638 Haud
577 2581 637 2640 scio
659 2591 752 2642 tamen
775 2602 810 2641 an
832 2582 978 2662 scripserit
998 2576 1190 2660 Euripides“
1171 2603 1210 2660 qv
1229 2575 1281 2662 τάχ
1282 2574 1368 2659 'ddi

259 2655 343 2741 ημῶν
362 2655 459 2743 γεγώς.

342 2761 415 2822 607.
458 2757 527 2818 Ald.
559 2760 623 2818 reli.
656 2757 742 2840 τῆςδ’
774 2758 934 2836 ἐπισπείσας
962 2757 1061 2868 κόμας.
1111 2761 1196 2821 Lasc.
1226 2773 1255 2820 et
1280 2758 1364 2820 codd.

260 2861 357 2902 omnes
378 2836 477 2924 τήνδ’.
519 2840 679 2920 Musgravii
705 2845 929 2906 emendationem
954 2841 1045 2907 τῶνδ’
1072 2844 1234 2904 Brunckins
1262 2844 1367 2924 aliique

260 2934 439 3004 receperunt.

342 3023 414 3087 698.
459 3021 539 3082 Libri
567 3017 587 3102 ἣ
619 3027 735 3125 στείρας.
786 3025 895 3106 Scripsi
928 3026 956 3088 ελ
987 3037 1103 3106 propter
1131 3027 1266 3086 futuram.
1317 3026 1367 3085 Sic

258 3127 286 3166 v.
312 3105 385 3172 707.
416 3105 501 3165 Lasc.
526 3106 553 3167 εί
571 3101 673 3187 ρτοῆ.
716 3107 850 3169 Fortasse
868 3109 985 3169 mutavit
1006 3110 1119 3207 aliquis,
1144 3109 1191 3188 qui
1213 3105 1253 3189 μὴ
1274 3105 1368 3184 διίξε-

257 3213 305 3250 ται
325 3188 473 3249 dicendum
488 3189 574 3249 fuisse
591 3190 731 3250 crederet.
776 3192 834 3252 Sed
850 3205 947 3273 aperte
963 3193 1091 3275 positura
1105 3193 1255 3252 verborum
1271 3204 1366 3252 osten-

258 3271 300 3332 dit
320 3272 367 3332 hic
389 3269 445 3335 οδιι
465 3269 609 3350 ἀνέξεται,
633 3274 707 3354 quod
729 3287 773 3334 est
793 3295 881 3354 aegre
894 3277 997 3356 seret,
1021 3273 1077 3334 dici
1099 3275 1240 3335 debuisse.

339 3371 413 3435 700.
456 3369 525 3431 Ald.
551 3384 581 3431 et
611 3371 675 3432 cdd.
702 3384 768 3434 ante
792 3374 945 3434 Canterum
967 3375 1073 3455 δυςτοχ
1073 3379 1122 3448 εἰς.
1170 3374 1309 3436 Canterus
1330 3395 1368 3434 ex

259 3454 374 3512 scholiis
391 3455 537 3534 δοςιυχεῖ,
559 3455 633 3535 quod
655 3456 760 3516 habent
774 3457 859 3517 Lasc.
883 3469 913 3518 et
934 3457 1017 3558 codd.
1061 3459 1096 3518 in
1116 3459 1205 3518 Tanr.
1222 3470 1252 3517 et
1268 3457 1364 3517 Guelf

259 3538 364 3614 legitur
384 3537 517 3616 δυςταχεῖ
533 3537 640 3600 τέκνων
661 3538 735 3622 πέρι.

340 3634 414 3698 703.
457 3636 542 3695 Lasc.
573 3635 653 3697 Vict.
684 3633 784 3717 τήνδε,
814 3638 889 3718 quod
920 3650 951 3696 ut
971 3639 1138 3718 exquisitius
1158 3651 1189 3699 et
1208 3579 1366 3718 elegantius

258 3718 380 3798 praetuli
402 3730 577 3779 caeterorum
600 3721 734 3780 librorum
757 3724 914 3802 τοτ’·ἰρλσισο
934 3722 1027 3800 τῆςδε.

340 3818 413 3882 710.
457 3817 526 3878 Aid.
550 3820 614 3878 reli.
638 3819 718 3879 Fier.
741 3820 781 3880 A.
810 3820 859 3882 10.
885 3823 935 3883 15.
964 3820 1034 3880 Par.
1059 3818 1099 3878 A.
1123 3820 1160 3880 B.
1184 3815 1285 3894 ξυλλαε
1314 3844 1367 3924 μη·
1503 3821 1504 3876 1

258 3896 325 3984 τρδς
340 3896 446 3981 δεσμοί
467 3902 499 3965 ἐν
521 3899 658 3988 Φθίασ’
683 3899 747 3985 tyci.
789 3903 874 3963 Lasc.
898 3904 967 3962 Par.
991 3903 1028 3962 E.
1053 3903 1133 3963 Flor.
1150 3904 1181 3965 2.
1205 3904 1285 3964 Vict.
1304 3899 1367 3976 ξίλ.
1492 3883 1504 3962 i

258 3991 309 4048 λοε
329 3981 436 4065 μητρδς
456 3981 551 4064 δέσμ’·
576 3964 658 4048 ἐν
623 4010 658 4071 eq
678 3987 762 4070 Φθίᾳ
783 4003 802 4048 σ
803 3982 886 4069 ’ἐμαί
931 3987 1025 4060 Quum
1042 3987 1225 4046 Homericum
1228 3985 1369 4089 δέσματα

259 4070 294 4129 ab
316 4069 421 4130 Atticis
450 4091 506 4128 non
533 4080 696 4172 nsurqatum
717 4047 865 4142 videatur,
897 4071 1043 4149 plerique,
1075 4071 1130 4130 etsi
1151 4063 1259 4148 δεσμὸν
1280 4070 1367 4128 scribi

256 4163 385 4232 poterat,
418 4147 508 4254 δεσμὰ
534 4147 641 4233 ματρὸς
670 4171 776 4230 ponere
805 4155 974 4212 maluerunt.
1027 4151 1067 4212 Et
1096 4171 1163 4212 sane
1185 4153 1366 4232 transpositio

257 4236 374 4293 duarum
404 4237 599 4316 contiguarum
628 4255 728 4294 vocum
758 4237 931 4295 creberrima
961 4247 1015 4295 est.
1074 4235 1143 4296 Non
1173 4234 1364 4294 contenderint

258 4329 351 4376 mmcn
373 4328 479 4376 certam
502 4335 565 4376 esse
587 4319 659 4376 hane
683 4317 926 4390 emendationem,
958 4337 1042 4423 qqum
1065 4319 1190 4378 scribere
1211 4328 1295 4398 poeta
1314 4336 1366 4395 po·

259 4401 346 4458 tuerit
361 4394 461 4497 §datvs
482 4394 590 4481 μητρὸς
612 4397 749 4478 δί’σμ·ὲ
746 4397 832 4464 ’τ’ἒν
856 4398 991 4485 Φθίᾳσ’
1016 4398 1080 4484 ἐγώ.
1123 4401 1212 4481 quue
1233 4421 1286 4480 ego
1307 4419 1364 4460 nou

260 4483 349 4542 soium
377 4482 444 4560 quia
472 4481 677 4562 quodammodo
707 4485 795 4544 nectit
824 4461 979 4546 senten‘tias
1006 4483 1198 4565 reponendum
1221 4483 1361 4552 iudicavi,
