3026 5134
683 329 728 404 61

591 511 637 586 X
640 513 808 596 ΟΡΟΣ.
921 581 924 588 .

125 619 303 712 ’ἑστῶτες
326 622 557 722 ε’σπόσθητες

475 780 841 855 εααικοοιοα
866 773 925 876 [τ’.

583 909 647 986 καὶ
671 907 719 987 τοί
740 913 781 1015 γ’
808 911 959 1010 ὄμματα

146 1034 255 1133 μέστ’
283 1031 361 1110 ἐστὶ
384 1030 523 1119 κόνεως
546 1033 639 1133 ἧμιν
662 1034 687 1132 ἢ
710 1036 851 1138 τέφρας
870 1035 1000 1112 ποθέν.
1030 1142 1032 1146 .

538 1206 612 1282 ΟΔ
623 1209 699 1280 ΥΣ
702 1212 745 1280 Σ
747 1209 780 1280 E
791 1209 871 1280 ΥΣ.

133 1324 282 1437 1ἄνδρες
306 1335 460 1436 πονηροί
484 1337 622 1415 κοόόίν
646 1337 724 1416 oi'ds
745 1335 947 1437 σύμμαχα.

587 1511 633 1580 Χ
636 1508 810 1582 ΟΡΟΣ.

146 1626 225 1724 ὁτιὴ
250 1627 294 1704 τὸ
319 1635 443 1705 νῶτον
463 1627 534 1726 τὴν
557 1626 667 1728 ῥοίχιν
690 1629 728 1704 τ’
754 1627 992 1728 οῖκτείρομεν,

144 1751 316 1837 καὶτοὺς
341 1749 499 1838 ὀδόντας
521 1755 691 1851 ἐκβαλεῖν
716 1754 761 1830 οὐ
781 1750 966 1851 βούλομαι

143 1874 392 1974 τυπτόμενος,
419 1877 514 1973 αὕτη
534 1879 700 1983 γίγνεται
724 1877 903 1978 πονηρία;

145 2001 228 2078 ἀλλ’
251 2000 328 2077 oid’
354 2000 503 2102 ε’πῳόὴν
519 2003 684 2104 Ὀρφέως
708 2002 861 2108 ἀγαθὴν
886 2001 1001 2098 πάνυ,
1220 2073 1222 2080 ,

145 2126 196 2210 ὥς
216 2121 431 2222 αὐτόματον
454 2126 522 2204 τὸν
551 2127 669 2205 δαλόν
694 2135 744 2214 είς
767 2127 811 2228 τὸ
834 2127 991 2229 κρανίον
1117 2107 1126 2234 ¹¹

144 2251 338 2349 στείχονθ’
363 2248 548 2353 ὑφάπτειν
572 2254 640 2331 τὸν
662 2262 820 2352 pondua
837 2251 965 2329 'naida
988 2258 1066 2355 γῆς.

526 2381 860 2499 odram.

144 2545 259 2625 πόλαι
280 2547 352 2647 μὲν
376 2545 448 2645 ᾔδη
474 2545 515 2622 n'
539 2547 632 2623 ὄντα
654 2537 828 2624 τοιοῦτον
852 2541 974 2648 φύσει,
1258 2552 1321 2618 650

143 2794 225 2865 istis,
255 2787 319 2853 τόδ’
344 2786 458 2872 ὄμματα
485 2801 578 2850 antem
611 2810 647 2850 nx
670 2789 798 2871 Hervag.
830 2790 861 2853 l.
885 2787 917 2852 2.
950 2790 979 2848 io
1006 2787 1152 2868 sequiores
1181 2784 1249 2849 edd.

144 2878 233 2938 venit.

224 2972 296 3039 642.
340 2966 416 3034 Edi:
447 2981 514 3031 vett.
539 2969 666 3048 μέτεστιν
691 2967 781 3052 ἡμῶν
812 2965 930 3044 κόνεως.
985 2969 1134 3050 Scaligcrt
1167 2964 1248 3050 pto?

142 3055 219 3120 ἐστίν
242 3053 327 3136 ἡμῶν
355 3049 462 3127 κόνιος.
511 3051 557 3112 Ac
585 3050 685 3126 κόνιος
710 3056 819 3134 recepit
848 3055 1014 3115 Barncsius.
1066 3055 1253 3133 Mnsgrnvins

144 3140 222 3200 dedit
241 3136 360 3213 κόνεος,
390 3137 587 3197 nesciocuius
611 3136 726 3196 dialecti
748 3139 886 3209 formam,
910 3157 993 3215 quom
1015 3149 1108 3196 mmen
1133 3157 1251 3218 recepe-

141 3234 209 3284 τοτα
229 3221 369 3283 Matthiae
398 3221 520 3321 aliipne3
564 3217 671 3277 Mirum
702 3219 789 3316 vcro,
821 3219 898 3315 pund
920 3220 1129 3296 -Mnsgrnvins‚
1163 3241 1248 3326 q'uum

140 3308 299 3385 elegantius
320 3306 381 3363 fore
402 3299 473 3383 ἥμιν
493 3300 619 3374 diceret,
648 3323 704 3360 non
728 3312 842 3381 scripsit
861 3297 938 3380 μέστ’
962 3299 1023 3364 ἐστί
1042 3297 1150 3375 κόνεως
1169 3325 1248 3382 ημιν.

224 3406 297 3470 643.
341 3403 421 3462 Libri
450 3393 560 3482 ἄνδρες.
609 3398 684 3463 Ροῑο
706 3397 831 3483 ἱόνὸρες,
862 3401 952 3482 inquit
971 3400 1123 3464 Matthiae·
1167 3400 1247 3481 Ergo

142 3491 183 3549 itn
208 3489 357 3550 ediderunt
386 3488 446 3547 olii.
500 3485 568 3544 Non
597 3507 668 3566 opns
693 3506 756 3546 esse
780 3487 834 3546 isto
853 3487 1046 3558 correctione,
1077 3503 1161 3565 quum
1186 3485 1249 3550 οἵδε

37 3631 46 3652 l
141 3573 298 3632 subiectum
319 3571 374 3642 sit,
398 3571 488 3651 quivis
509 3569 596 3629 videt.
1116 3605 1119 3612 -

223 3671 295 3735 646.
338 3669 414 3730 Edd.
445 3680 513 3730 vett.
544 3670 656 3750 signnm
686 3665 879 3748 interrogandi
907 3678 972 3747 post
995 3662 1172 3747 τυπτόμενος
1195 3667 1247 3726 hn-

139 3753 225 3826 heot,
263 3750 338 3834 qnod
367 3774 429 3814 norm
460 3753 571 3834 virgula
597 3764 804 3813 commutarunt
826 3752 982 3810 Barnesins
1000 3762 1030 3809 et
1049 3751 1243 3826 Musgrnvius.

139 3835 212 3894 Post
228 3835 357 3918 πονηρία
377 3837 536 3916 ponendum
560 3838 664 3909 fnisse,
686 3836 826 3896 Matthiae
848 3835 876 3892 in
895 3833 1076 3892 adnotatione
1093 3832 1251 3891 intellexit.¹

222 3933 295 3994 649.
340 3933 372 3992 Si
399 3935 550 4016 Euripides
579 3935 749 4016 Cyclopem,
787 3951 869 4013 quem
895 3932 1037 3992 Homerus
1067 3949 1104 3989 ex
1130 3930 1246 3989 Thoosn

141 4015 262 4094 nympha
284 4025 377 4074 natum
401 4017 487 4091 dixit,
512 4039 567 4078 non
586 4017 679 4079 παῖδα
698 4022 754 4098 γῆς
779 4016 905 4087 vocavit,
930 4013 996 4093 quia
1016 4009 1161 4070 Hesiodus
1172 4012 1247 4071 Ter·

140 4117 200 4157 rom
221 4105 338 4155 matrem
358 4097 513 4180 Cyclopum
541 4101 627 4171 fecit,
656 4109 733 4158 certe
757 4118 811 4156 non
834 4108 878 4156 ost
898 4107 1058 4176 propterea¹
1075 4095 1129 4153 isto
1148 4096 1245 4174 nppei-

140 4182 244 4242 latione
266 4177 351 4257 usus,
373 4181 447 4259 qnod
469 4183 660 4262 Poiyphemus
674 4192 714 4240 'ut
738 4181 874 4259 Gigantes
899 4180 987 4239 hostis
1012 4175 1127 4236 deornm
1147 4189 1242 4237 esset:

139 4285 211 4346 qnae
239 4263 370 4323 Barnesii
401 4266 495 4342 opinio
523 4267 591 4337 fnit,
626 4263 743 4342 probata
771 4263 954 4342 Musgravio:
993 4259 1043 4320 sed
1069 4261 1195 4338 potins‚·
1212 4272 1244 4320 nt

139 4347 286 4409 Brodnens
302 4345 446 4419 indicavit,
467 4347 542 4428 qnod
562 4357 637 4413 osset
657 4348 785 4427 corporis
805 4343 996 4426 magnitudino
1012 4355 1041 4404 et
1055 4344 1146 4407 forma
1159 4363 1242 4404 enor-

139 4434 177 4492 mi
198 4445 228 4494 ct
250 4442 419 4492 monstrosa.

220 4528 293 4598 650.
337 4529 412 4594 Edd.
435 4541 505 4628 vett·
525 4524 608 4616 ᾔδειν
622 4526 667 4594 o'.
709 4529 756 4592 Ex
776 4526 900 4591 Brodoei
919 4525 1044 4590 editione
1062 4521 1128 4615 ᾔδει
1143 4522 1172 4590 o'
1194 4547 1241 4590 vn·
