<?xml version="1.0" encoding="UTF-8"?>
<!DOCTYPE html PUBLIC "-//W3C//DTD XHTML 1.0 Transitional//EN"
    "http://www.w3.org/TR/xhtml1/DTD/xhtml1-transitional.dtd">
<html xmlns="http://www.w3.org/1999/xhtml" xml:lang="en" lang="en">
 <head>
  <title>
</title>
<meta http-equiv="Content-Type" content="text/html;charset=utf-8" />
  <meta name='ocr-system' content='tesseract 3.04.00' />
  <meta name='ocr-capabilities' content='ocr_page ocr_carea ocr_par ocr_line ocrx_word'/>
</head>
<body>
  <div class='ocr_page' id='page_1' title='image "./euripidistragoe09eurigoog/euripidistragoe09eurigoog_0314.png"; bbox 0 0 3028 5136; ppageno 0'>
   <div class='ocr_carea' id='block_1_1' title="bbox 688 333 731 408">
    <p class='ocr_par' dir='ltr' id='par_1_1' title="bbox 688 333 731 408">
     <span class='ocr_line' id='line_1_1' title="bbox 688 333 731 408; baseline -0.047 0"><span class='ocrx_word' id='word_1_1' title='bbox 688 333 731 408; x_wconf 85' lang='grc'><strong>91</strong></span> 
     </span>
    </p>
   </div>
   <div class='ocr_carea' id='block_1_2' title="bbox 139 509 1122 2486">
    <p class='ocr_par' dir='ltr' id='par_1_2' title="bbox 139 509 1122 1492">
     <span class='ocr_line' id='line_1_2' title="bbox 157 509 961 669; baseline 0.005 -82"><span class='ocrx_word' id='word_1_2' title='bbox 157 511 211 596; x_wconf 85' lang='grc' dir='ltr'><strong>εἷς</strong></span> <span class='ocrx_word' id='word_1_3' title='bbox 235 509 290 615; x_wconf 25' lang='grc' dir='ltr'><strong>ἦν,</strong></span> <span class='ocrx_word' id='word_1_4' title='bbox 310 509 492 590; x_wconf 77' lang='grc' dir='ltr'><strong><em>ἁπάντων</em></strong></span> <span class='ocrx_word' id='word_1_5' title='bbox 515 513 637 592; x_wconf 72' lang='grc' dir='ltr'><strong><em>ταῖνδε</em></strong></span> <span class='ocrx_word' id='word_1_6' title='bbox 660 513 961 669; x_wconf 74' lang='grc' dir='ltr'><strong><em>μηχανορράφος.</em></strong></span> 
     </span>
     <span class='ocr_line' id='line_1_3' title="bbox 153 635 1052 743; baseline 0.007 -33"><span class='ocrx_word' id='word_1_7' title='bbox 153 665 216 732; x_wconf 89' lang='grc' dir='ltr'><strong>χω</strong></span> <span class='ocrx_word' id='word_1_8' title='bbox 238 635 311 733; x_wconf 79' lang='grc' dir='ltr'><strong>μὲν</strong></span> <span class='ocrx_word' id='word_1_9' title='bbox 335 638 423 713; x_wconf 77' lang='grc' dir='ltr'><strong><em>κατ’</em></strong></span> <span class='ocrx_word' id='word_1_10' title='bbox 450 639 555 736; x_wconf 85' lang='grc' dir='ltr'><strong><em>ι’ίιιμα</em></strong></span> <span class='ocrx_word' id='word_1_11' title='bbox 577 639 667 724; x_wconf 84' lang='grc' dir='ltr'><strong><em>στάς</em></strong></span> <span class='ocrx_word' id='word_1_12' title='bbox 692 637 930 739; x_wconf 87' lang='grc' dir='ltr'><strong><em>προςείχεται</em></strong></span> <span class='ocrx_word' id='word_1_13' title='bbox 955 644 1052 743; x_wconf 76' lang='grc' dir='ltr'><strong><em>θεαί·</em></strong></span> 
     </span>
     <span class='ocr_line' id='line_1_4' title="bbox 158 758 990 868; baseline 0.008 -33"><span class='ocrx_word' id='word_1_14' title='bbox 158 759 259 836; x_wconf 78' lang='lat' dir='ltr'><strong>otd&#39;</strong></span> <span class='ocrx_word' id='word_1_15' title='bbox 286 758 509 858; x_wconf 74' lang='grc' dir='ltr'><strong><em>ὀξυθήκτοις</em></strong></span> <span class='ocrx_word' id='word_1_16' title='bbox 533 762 742 868; x_wconf 73' lang='grc' dir='ltr'><strong><em>φασγάνοις</em></strong></span> <span class='ocrx_word' id='word_1_17' title='bbox 767 765 990 861; x_wconf 86' lang='grc' dir='ltr'><strong><em>ωπλισμίνοι</em></strong></span> 
     </span>
     <span class='ocr_line' id='line_1_5' title="bbox 157 886 1000 990; baseline 0.006 -30"><span class='ocrx_word' id='word_1_18' title='bbox 157 886 334 962; x_wconf 78' lang='grc' dir='ltr'><strong><em>κεντοῦσ’</em></strong></span> <span class='ocrx_word' id='word_1_19' title='bbox 357 886 495 984; x_wconf 84' lang='grc' dir='ltr'><strong><em>άτευχῆ</em></strong></span> <span class='ocrx_word' id='word_1_20' title='bbox 519 888 629 966; x_wconf 76' lang='grc' dir='ltr'><strong><em>παῖδ’</em></strong></span> <span class='ocrx_word' id='word_1_21' title='bbox 651 891 840 987; x_wconf 79' lang='grc' dir='ltr'><strong>Ἀχιλλέως</strong></span> <span class='ocrx_word' id='word_1_22' title='bbox 863 888 1000 990; x_wconf 79' lang='grc' dir='ltr'><strong><em>λάθρᾳ.</em></strong></span> 
     </span>
     <span class='ocr_line' id='line_1_6' title="bbox 154 1009 1122 1118; baseline 0.007 -35"><span class='ocrx_word' id='word_1_23' title='bbox 154 1016 275 1107; x_wconf 83' lang='grc' dir='ltr'><strong><em>χωρεῖ</em></strong></span> <span class='ocrx_word' id='word_1_24' title='bbox 297 1009 338 1086; x_wconf 74' lang='grc' dir='ltr'><strong>δι’</strong></span> <span class='ocrx_word' id='word_1_25' title='bbox 364 1014 560 1110; x_wconf 81' lang='grc' dir='ltr'><strong><em>πρύμναν·</em></strong></span> <span class='ocrx_word' id='word_1_26' title='bbox 596 1015 642 1091; x_wconf 81' lang='grc' dir='ltr'><strong>οὐ</strong></span> <span class='ocrx_word' id='word_1_27' title='bbox 666 1014 740 1118; x_wconf 73' lang='grc' dir='ltr'><strong>γάρ</strong></span> <span class='ocrx_word' id='word_1_28' title='bbox 766 1021 816 1100; x_wconf 86' lang='grc' dir='ltr'><strong>ελς</strong></span> <span class='ocrx_word' id='word_1_29' title='bbox 839 1014 973 1116; x_wconf 84' lang='grc' dir='ltr'><strong><em>καιρὸν</em></strong></span> <span class='ocrx_word' id='word_1_30' title='bbox 996 1013 1122 1099; x_wconf 86' lang='grc' dir='ltr'><strong><em>τυπεὶς</em></strong></span> 
     </span>
     <span class='ocr_line' id='line_1_7' title="bbox 139 1117 947 1239; baseline 0.011 -32"><span class='ocrx_word' id='word_1_31' title='bbox 139 1117 353 1237; x_wconf 54' lang='grc' dir='ltr'><strong><em>’ἐτάγχανζ</em></strong></span> <span class='ocrx_word' id='word_1_32' title='bbox 377 1137 507 1221; x_wconf 64' lang='lat' dir='ltr'><strong>tatem</strong></span> <span class='ocrx_word' id='word_1_33' title='bbox 530 1136 590 1228; x_wconf 77' lang='grc' dir='ltr'><strong><em>δι’,</em></strong></span> <span class='ocrx_word' id='word_1_34' title='bbox 616 1139 681 1214; x_wconf 80' lang='grc' dir='ltr'><strong>καὶ</strong></span> <span class='ocrx_word' id='word_1_35' title='bbox 704 1136 947 1239; x_wconf 83' lang='grc' dir='ltr'><strong><em>παραστάδος</em></strong></span> 
     </span>
     <span class='ocr_line' id='line_1_8' title="bbox 160 1258 1020 1365; baseline 0.01 -33"><span class='ocrx_word' id='word_1_36' title='bbox 160 1258 352 1356; x_wconf 78' lang='grc' dir='ltr'><strong><em>κρεμαστοὶ</em></strong></span> <span class='ocrx_word' id='word_1_37' title='bbox 377 1258 489 1359; x_wconf 82' lang='grc' dir='ltr'><em>τεύχη</em></span> <span class='ocrx_word' id='word_1_38' title='bbox 514 1260 720 1340; x_wconf 75' lang='grc' dir='ltr'><em>πασσάλων</em></span> <span class='ocrx_word' id='word_1_39' title='bbox 747 1261 1020 1365; x_wconf 81' lang='grc' dir='ltr'><strong><em>καθαρπάσας,</em></strong></span> 
     </span>
     <span class='ocr_line' id='line_1_9' title="bbox 161 1383 972 1492; baseline 0.015 -37"><span class='ocrx_word' id='word_1_40' title='bbox 161 1383 247 1477; x_wconf 75' lang='grc' dir='ltr'><strong><em>ἔστη</em></strong></span> <span class='ocrx_word' id='word_1_41' title='bbox 274 1383 331 1459; x_wconf 80' lang='grc' dir='ltr'><strong>’πί</strong></span> <span class='ocrx_word' id='word_1_42' title='bbox 351 1386 507 1482; x_wconf 81' lang='grc' dir='ltr'><em>βωμοῦ,</em></span> <span class='ocrx_word' id='word_1_43' title='bbox 531 1388 667 1492; x_wconf 72' lang='grc' dir='ltr'><strong><em>γοργὸς</em></strong></span> <span class='ocrx_word' id='word_1_44' title='bbox 692 1387 840 1484; x_wconf 78' lang='grc' dir='ltr'><strong><em>ὁπλίτης</em></strong></span> <span class='ocrx_word' id='word_1_45' title='bbox 859 1389 972 1478; x_wconf 73' lang='grc' dir='ltr'><strong><em>ἰδεῖν,</em></strong></span> 
     </span>
    </p>

    <p class='ocr_par' dir='ltr' id='par_1_3' title="bbox 159 1505 974 1861">
     <span class='ocr_line' id='line_1_10' title="bbox 159 1505 974 1611; baseline 0.007 -30"><span class='ocrx_word' id='word_1_46' title='bbox 159 1507 237 1604; x_wconf 83' lang='grc' dir='ltr'><strong>βοᾷ</strong></span> <span class='ocrx_word' id='word_1_47' title='bbox 263 1505 304 1582; x_wconf 80' lang='lat' dir='ltr'><strong>dd</strong></span> <span class='ocrx_word' id='word_1_48' title='bbox 330 1514 490 1610; x_wconf 78' lang='grc' dir='ltr'><strong><em>Δελφῶν</em></strong></span> <span class='ocrx_word' id='word_1_49' title='bbox 514 1512 653 1597; x_wconf 78' lang='grc' dir='ltr'><strong><em>παῖδας</em></strong></span> <span class='ocrx_word' id='word_1_50' title='bbox 676 1514 838 1611; x_wconf 79' lang='grc' dir='ltr'><strong><em>ἱστορῶν</em></strong></span> <span class='ocrx_word' id='word_1_51' title='bbox 862 1509 974 1588; x_wconf 72' lang='grc' dir='ltr'><strong><em>τάδε·</em></strong></span> 
     </span>
     <span class='ocr_line' id='line_1_11' title="bbox 159 1629 965 1736; baseline 0.01 -32"><span class='ocrx_word' id='word_1_52' title='bbox 159 1629 262 1715; x_wconf 90' lang='grc' dir='ltr'><strong><em>τίνος</em></strong></span> <span class='ocrx_word' id='word_1_53' title='bbox 280 1632 325 1729; x_wconf 77' lang='grc' dir='ltr'><strong>μ’</strong></span> <span class='ocrx_word' id='word_1_54' title='bbox 352 1635 453 1711; x_wconf 74' lang='grc' dir='ltr'><strong><em>ἕκατι</em></strong></span> <span class='ocrx_word' id='word_1_55' title='bbox 473 1635 640 1726; x_wconf 70' lang='grc' dir='ltr'><strong><em>κτείνετ’,</em></strong></span> <span class='ocrx_word' id='word_1_56' title='bbox 668 1637 830 1736; x_wconf 78' lang='grc' dir='ltr'><strong><em>εὐσεβεῖς</em></strong></span> <span class='ocrx_word' id='word_1_57' title='bbox 851 1633 965 1720; x_wconf 77' lang='grc' dir='ltr'><strong><em>ὁδοὺς</em></strong></span> 
     </span>
     <span class='ocr_line' id='line_1_12' title="bbox 159 1755 926 1861; baseline 0.01 -31"><span class='ocrx_word' id='word_1_58' title='bbox 159 1755 301 1850; x_wconf 79' lang='grc' dir='ltr'><strong><em>ἥκοντα</em></strong></span> <span class='ocrx_word' id='word_1_59' title='bbox 308 1787 326 1849; x_wconf 88' lang='grc'><strong>,·</strong></span> <span class='ocrx_word' id='word_1_60' title='bbox 350 1759 458 1845; x_wconf 87' lang='grc' dir='ltr'><strong><em>ποίας</em></strong></span> <span class='ocrx_word' id='word_1_61' title='bbox 482 1763 641 1860; x_wconf 83' lang='grc' dir='ltr'><strong><em>ὄλλυμαι</em></strong></span> <span class='ocrx_word' id='word_1_62' title='bbox 666 1758 756 1861; x_wconf 81' lang='grc' dir='ltr'><strong><em>πρὸς</em></strong></span> <span class='ocrx_word' id='word_1_63' title='bbox 780 1761 926 1855; x_wconf 74' lang='grc' dir='ltr'><strong><em>αλτίαςς</em></strong></span> 
     </span>
    </p>

    <p class='ocr_par' dir='ltr' id='par_1_4' title="bbox 160 1879 1075 2486">
     <span class='ocr_line' id='line_1_13' title="bbox 160 1879 1048 1989; baseline 0.008 -35"><span class='ocrx_word' id='word_1_64' title='bbox 160 1887 240 1957; x_wconf 80' lang='grc' dir='ltr'><strong><em>τῶν</em></strong></span> <span class='ocrx_word' id='word_1_65' title='bbox 266 1879 307 1957; x_wconf 83' lang='lat' dir='ltr'><strong>d&#39;</strong></span> <span class='ocrx_word' id='word_1_66' title='bbox 334 1883 447 1961; x_wconf 76' lang='grc' dir='ltr'><strong><em>οὐδὲν</em></strong></span> <span class='ocrx_word' id='word_1_67' title='bbox 471 1885 592 1971; x_wconf 72' lang='grc' dir='ltr'><strong><em>οὐδεὶς</em></strong></span> <span class='ocrx_word' id='word_1_68' title='bbox 616 1886 765 1989; x_wconf 78' lang='grc' dir='ltr'><strong><em>μυρίων</em></strong></span> <span class='ocrx_word' id='word_1_69' title='bbox 791 1889 914 1965; x_wconf 80' lang='grc' dir='ltr'><strong><em>ὄντων</em></strong></span> <span class='ocrx_word' id='word_1_70' title='bbox 939 1887 1048 1971; x_wconf 80' lang='grc' dir='ltr'><strong><em>πέλας</em></strong></span> 
     </span>
     <span class='ocr_line' id='line_1_14' title="bbox 161 2006 1075 2113; baseline 0.009 -33"><span class='ocrx_word' id='word_1_71' title='bbox 161 2006 380 2110; x_wconf 73' lang='grc' dir='ltr'><strong><em>ἐφθέγξατ’,</em></strong></span> <span class='ocrx_word' id='word_1_72' title='bbox 407 2009 489 2084; x_wconf 77' lang='grc' dir='ltr'><strong><em>ἀλλ’</em></strong></span> <span class='ocrx_word' id='word_1_73' title='bbox 517 2013 676 2109; x_wconf 77' lang='grc' dir='ltr'><strong><em>ἔβαλλον</em></strong></span> <span class='ocrx_word' id='word_1_74' title='bbox 695 2015 737 2088; x_wconf 77' lang='grc' dir='ltr'><strong>ἐκ</strong></span> <span class='ocrx_word' id='word_1_75' title='bbox 757 2022 897 2110; x_wconf 80' lang='grc' dir='ltr'><strong><em>χειρῶν</em></strong></span> <span class='ocrx_word' id='word_1_76' title='bbox 920 2011 1075 2113; x_wconf 79' lang='grc' dir='ltr'><strong><em>πέτροις.</em></strong></span> 
     </span>
     <span class='ocr_line' id='line_1_15' title="bbox 162 2130 1004 2235; baseline 0.007 -29"><span class='ocrx_word' id='word_1_77' title='bbox 162 2138 287 2229; x_wconf 76' lang='grc' dir='ltr'><strong><em>πυκνῇ</em></strong></span> <span class='ocrx_word' id='word_1_78' title='bbox 312 2130 354 2208; x_wconf 79' lang='lat' dir='ltr'><strong>dd</strong></span> <span class='ocrx_word' id='word_1_79' title='bbox 380 2131 514 2234; x_wconf 80' lang='grc' dir='ltr'><strong><em>νιφάδι</em></strong></span> <span class='ocrx_word' id='word_1_80' title='bbox 537 2132 729 2212; x_wconf 80' lang='grc' dir='ltr'><strong><em>πάντοθεν</em></strong></span> <span class='ocrx_word' id='word_1_81' title='bbox 752 2135 1004 2235; x_wconf 79' lang='grc' dir='ltr'><strong><em>σποδοάμενος</em></strong></span> 
     </span>
     <span class='ocr_line' id='line_1_16' title="bbox 161 2255 977 2359; baseline 0.005 -27"><span class='ocrx_word' id='word_1_82' title='bbox 161 2259 354 2356; x_wconf 76' lang='grc' dir='ltr'><strong><em>προῦτεινε</em></strong></span> <span class='ocrx_word' id='word_1_83' title='bbox 379 2255 490 2356; x_wconf 86' lang='grc' dir='ltr'><strong><em>τεύχη</em></strong></span> <span class='ocrx_word' id='word_1_84' title='bbox 515 2257 771 2359; x_wconf 79' lang='grc' dir='ltr'><strong><em>κάφυλάσσετ’</em></strong></span> <span class='ocrx_word' id='word_1_85' title='bbox 798 2257 977 2359; x_wconf 79' lang='grc' dir='ltr'><strong><em>ἐμβολάς,</em></strong></span> 
     </span>
     <span class='ocr_line' id='line_1_17' title="bbox 161 2383 919 2486; baseline 0.004 -29"><span class='ocrx_word' id='word_1_86' title='bbox 161 2385 276 2458; x_wconf 76' lang='grc' dir='ltr'><strong><em>ἐκεῖσε</em></strong></span> <span class='ocrx_word' id='word_1_87' title='bbox 300 2383 445 2460; x_wconf 78' lang='grc' dir='ltr'><strong><em>κάκεῖσ’</em></strong></span> <span class='ocrx_word' id='word_1_88' title='bbox 471 2385 604 2460; x_wconf 72' lang='grc' dir='ltr'><strong><em>ἀσπίδ’</em></strong></span> <span class='ocrx_word' id='word_1_89' title='bbox 631 2385 804 2463; x_wconf 78' lang='grc' dir='ltr'><strong><em>ἐκτείνων</em></strong></span> <span class='ocrx_word' id='word_1_90' title='bbox 825 2385 919 2486; x_wconf 88' lang='grc' dir='ltr'><strong><em>χερί.</em></strong></span> 
     </span>
    </p>
   </div>
   <div class='ocr_carea' id='block_1_3' title="bbox 160 2713 1274 2961">
    <p class='ocr_par' dir='ltr' id='par_1_5' title="bbox 160 2713 1274 2961">
     <span class='ocr_line' id='line_1_18' title="bbox 246 2713 1274 2795; baseline -0.003 -18"><span class='ocrx_word' id='word_1_91' title='bbox 246 2713 340 2778; x_wconf 89' lang='grc'><strong>1085.</strong></span> <span class='ocrx_word' id='word_1_92' title='bbox 383 2713 460 2777; x_wconf 90' lang='lat' dir='ltr'><strong>Vide</strong></span> <span class='ocrx_word' id='word_1_93' title='bbox 490 2715 526 2776; x_wconf 85' lang='lat' dir='ltr'><strong>ad</strong></span> <span class='ocrx_word' id='word_1_94' title='bbox 554 2739 583 2778; x_wconf 89' lang='lat' dir='ltr'><strong>v.</strong></span> <span class='ocrx_word' id='word_1_95' title='bbox 602 2715 675 2782; x_wconf 86' lang='grc'><strong>642.</strong></span> <span class='ocrx_word' id='word_1_96' title='bbox 713 2716 762 2778; x_wconf 83' lang='lat' dir='ltr'><strong>Ex</strong></span> <span class='ocrx_word' id='word_1_97' title='bbox 782 2718 873 2779; x_wconf 85' lang='lat' dir='ltr'><strong>llerv.</strong></span> <span class='ocrx_word' id='word_1_98' title='bbox 891 2717 923 2779; x_wconf 93' lang='grc'><strong>2.</strong></span> <span class='ocrx_word' id='word_1_99' title='bbox 948 2715 1023 2776; x_wconf 87' lang='lat' dir='ltr'><strong>mela</strong></span> <span class='ocrx_word' id='word_1_100' title='bbox 1044 2713 1187 2774; x_wconf 84' lang='lat' dir='ltr'><strong>distinctio</strong></span> <span class='ocrx_word' id='word_1_101' title='bbox 1209 2725 1274 2795; x_wconf 88' lang='lat' dir='ltr'><strong>post</strong></span> 
     </span>
     <span class='ocr_line' id='line_1_19' title="bbox 160 2786 1270 2882; baseline -0.002 -23"><span class='ocrx_word' id='word_1_102' title='bbox 160 2786 203 2876; x_wconf 75' lang='grc' dir='ltr'><strong>ᾖν</strong></span> <span class='ocrx_word' id='word_1_103' title='bbox 223 2797 252 2856; x_wconf 90' lang='lat' dir='ltr'><strong>in</strong></span> <span class='ocrx_word' id='word_1_104' title='bbox 274 2798 345 2856; x_wconf 86' lang='lat' dir='ltr'><strong>alias</strong></span> <span class='ocrx_word' id='word_1_105' title='bbox 361 2800 449 2860; x_wconf 87' lang='lat' dir='ltr'><strong>venit</strong></span> <span class='ocrx_word' id='word_1_106' title='bbox 493 2800 672 2876; x_wconf 71' lang='lat' dir='ltr'><strong>Tollendum,</strong></span> <span class='ocrx_word' id='word_1_107' title='bbox 696 2803 763 2882; x_wconf 89' lang='lat' dir='ltr'><strong>qnia</strong></span> <span class='ocrx_word' id='word_1_108' title='bbox 779 2804 834 2862; x_wconf 87' lang='lat' dir='ltr'><strong>iem</strong></span> <span class='ocrx_word' id='word_1_109' title='bbox 852 2821 907 2861; x_wconf 88' lang='lat' dir='ltr'><strong>non</strong></span> <span class='ocrx_word' id='word_1_110' title='bbox 924 2811 986 2860; x_wconf 87' lang='lat' dir='ltr'><strong>erat</strong></span> <span class='ocrx_word' id='word_1_111' title='bbox 1001 2799 1123 2879; x_wconf 78' lang='lat' dir='ltr'><strong>Delphis</strong></span> <span class='ocrx_word' id='word_1_112' title='bbox 1139 2798 1270 2871; x_wconf 79' lang='lat' dir='ltr'><strong>Orestes,</strong></span> 
     </span>
     <span class='ocr_line' id='line_1_20' title="bbox 164 2881 1271 2961; baseline 0.005 -23"><span class='ocrx_word' id='word_1_113' title='bbox 164 2901 249 2961; x_wconf 90' lang='lat' dir='ltr'><strong>quum</strong></span> <span class='ocrx_word' id='word_1_114' title='bbox 279 2881 329 2940; x_wconf 91' lang='lat' dir='ltr'><strong>alii</strong></span> <span class='ocrx_word' id='word_1_115' title='bbox 358 2881 577 2956; x_wconf 80' lang='lat' dir='ltr'><strong>intellexerunt,</strong></span> <span class='ocrx_word' id='word_1_116' title='bbox 609 2897 668 2945; x_wconf 92' lang='lat' dir='ltr'><strong>tum</strong></span> <span class='ocrx_word' id='word_1_117' title='bbox 697 2887 807 2946; x_wconf 86' lang='lat' dir='ltr'><strong>monuit</strong></span> <span class='ocrx_word' id='word_1_118' title='bbox 825 2884 989 2945; x_wconf 78' lang='lat' dir='ltr'><strong>Lobeeltins</strong></span> <span class='ocrx_word' id='word_1_119' title='bbox 1018 2882 1054 2942; x_wconf 84' lang='lat' dir='ltr'><strong>ad</strong></span> <span class='ocrx_word' id='word_1_120' title='bbox 1075 2881 1126 2941; x_wconf 86' lang='grc' dir='ltr'><strong>Αἰ.</strong></span> <span class='ocrx_word' id='word_1_121' title='bbox 1150 2903 1179 2961; x_wconf 96' lang='lat' dir='ltr'><strong>p</strong></span> <span class='ocrx_word' id='word_1_122' title='bbox 1197 2881 1271 2944; x_wconf 85' lang='grc'><strong>343</strong></span> 
     </span>
    </p>
   </div>
   <div class='ocr_carea' id='block_1_4' title="bbox 163 2928 1271 3110">
    <p class='ocr_par' dir='ltr' id='par_1_6' title="bbox 163 2928 1271 3110">
     <span class='ocr_line' id='line_1_21' title="bbox 164 2928 1271 3090; baseline -0.002 -66"><span class='ocrx_word' id='word_1_123' title='bbox 164 2975 195 3024; x_wconf 90' lang='lat' dir='ltr'><strong>et</strong></span> <span class='ocrx_word' id='word_1_124' title='bbox 218 2964 368 3025; x_wconf 85' lang='lat' dir='ltr'><strong>brevius</strong></span> <span class='ocrx_word' id='word_1_125' title='bbox 360 2985 388 3024; x_wconf 88' lang='lat' dir='ltr'><strong>m</strong></span> <span class='ocrx_word' id='word_1_126' title='bbox 418 2965 510 3026; x_wconf 86' lang='lat' dir='ltr'><strong>altera</strong></span> <span class='ocrx_word' id='word_1_127' title='bbox 535 2928 660 3030; x_wconf 82' lang='lat' dir='ltr'><strong>editione</strong></span> <span class='ocrx_word' id='word_1_128' title='bbox 690 2990 720 3049; x_wconf 91' lang='lat' dir='ltr'>p</span> <span class='ocrx_word' id='word_1_129' title='bbox 712 2968 811 3033; x_wconf 90' lang='grc'><strong>..354</strong></span> <span class='ocrx_word' id='word_1_130' title='bbox 856 2968 946 3028; x_wconf 86' lang='lat' dir='ltr'><strong>Nulla</strong></span> <span class='ocrx_word' id='word_1_131' title='bbox 968 2965 1142 3030; x_wconf 83' lang='lat' dir='ltr'><strong>distinctio</strong></span> <span class='ocrx_word' id='word_1_132' title='bbox 1134 2986 1163 3024; x_wconf 90' lang='grc' dir='ltr'><strong>ιιι</strong></span> <span class='ocrx_word' id='word_1_133' title='bbox 1184 2963 1271 3090; x_wconf 80' lang='lat' dir='ltr'><strong>Laso.</strong></span> 
     </span>
     <span class='ocr_line' id='line_1_22' title="bbox 163 3046 514 3110; baseline 0.003 -2"><span class='ocrx_word' id='word_1_134' title='bbox 163 3046 233 3108; x_wconf 81' lang='lat' dir='ltr'><strong>Ald.</strong></span> <span class='ocrx_word' id='word_1_135' title='bbox 257 3047 348 3108; x_wconf 80' lang='lat' dir='ltr'><strong>llerv.</strong></span> <span class='ocrx_word' id='word_1_136' title='bbox 367 3049 399 3110; x_wconf 92' lang='grc'><strong>2.</strong></span> <span class='ocrx_word' id='word_1_137' title='bbox 422 3047 514 3110; x_wconf 80' lang='lat' dir='ltr'><strong>Brul).</strong></span> 
     </span>
    </p>
   </div>
   <div class='ocr_carea' id='block_1_5' title="bbox 162 3083 1278 3808">
    <p class='ocr_par' dir='ltr' id='par_1_7' title="bbox 162 3083 1278 3808">
     <span class='ocr_line' id='line_1_23' title="bbox 247 3083 1274 3249; baseline -0.005 -39"><span class='ocrx_word' id='word_1_138' title='bbox 247 3147 476 3211; x_wconf 68' lang='lat' dir='ltr'><strong>totototo</strong></span> <span class='ocrx_word' id='word_1_139' title='bbox 494 3148 635 3210; x_wconf 82' lang='lat' dir='ltr'><strong>Heatlrins</strong></span> <span class='ocrx_word' id='word_1_140' title='bbox 655 3147 760 3222; x_wconf 77' lang='grc' dir='ltr'><strong><em>ἐξίλιιει</em></strong></span> <span class='ocrx_word' id='word_1_141' title='bbox 780 3150 983 3249; x_wconf 82' lang='lat' dir='ltr'><strong>interpretatur</strong></span> <span class='ocrx_word' id='word_1_142' title='bbox 998 3149 1129 3209; x_wconf 72' lang='lat' dir='ltr'><strong>extrahit</strong></span> <span class='ocrx_word' id='word_1_143' title='bbox 1142 3083 1274 3226; x_wconf 71' lang='lat' dir='ltr'><strong>glodritin</strong></span> 
     </span>
     <span class='ocr_line' id='line_1_24' title="bbox 163 3226 1273 3313; baseline 0.003 -24"><span class='ocrx_word' id='word_1_144' title='bbox 163 3251 180 3288; x_wconf 86' lang='lat' dir='ltr'><strong>e</strong></span> <span class='ocrx_word' id='word_1_145' title='bbox 200 3231 316 3308; x_wconf 75' lang='lat' dir='ltr'><strong>vogairo.</strong></span> <span class='ocrx_word' id='word_1_146' title='bbox 360 3229 451 3290; x_wconf 85' lang='lat' dir='ltr'><strong>Pleno</strong></span> <span class='ocrx_word' id='word_1_147' title='bbox 472 3229 608 3290; x_wconf 86' lang='lat' dir='ltr'><strong>dictum</strong></span> <span class='ocrx_word' id='word_1_148' title='bbox 599 3252 629 3289; x_wconf 91' lang='grc' dir='ltr'><strong>ιιι</strong></span> <span class='ocrx_word' id='word_1_149' title='bbox 645 3231 765 3291; x_wconf 85' lang='lat' dir='ltr'><strong>lleonba</strong></span> <span class='ocrx_word' id='word_1_150' title='bbox 781 3231 853 3294; x_wconf 86' lang='grc'><strong>544.</strong></span> <span class='ocrx_word' id='word_1_151' title='bbox 876 3226 1027 3313; x_wconf 77' lang='grc' dir='ltr'><strong><em>φάσγανον</em></strong></span> <span class='ocrx_word' id='word_1_152' title='bbox 1043 3229 1148 3304; x_wconf 80' lang='grc' dir='ltr'><strong><em>ἒξεῖλτε</em></strong></span> <span class='ocrx_word' id='word_1_153' title='bbox 1161 3233 1273 3292; x_wconf 79' lang='grc' dir='ltr'><strong><em>κολεοῦ.</em></strong></span> 
     </span>
     <span class='ocr_line' id='line_1_25' title="bbox 163 3311 1274 3393; baseline -0.001 -21"><span class='ocrx_word' id='word_1_154' title='bbox 163 3311 204 3372; x_wconf 85' lang='lat' dir='ltr'><strong>Et</strong></span> <span class='ocrx_word' id='word_1_155' title='bbox 230 3313 342 3391; x_wconf 80' lang='lat' dir='ltr'><strong>glossa.</strong></span> <span class='ocrx_word' id='word_1_156' title='bbox 374 3311 492 3389; x_wconf 74' lang='grc' dir='ltr'><strong><em>ἐξέλυον,</em></strong></span> <span class='ocrx_word' id='word_1_157' title='bbox 520 3316 651 3392; x_wconf 78' lang='lat' dir='ltr'><strong>eoogriro.</strong></span> <span class='ocrx_word' id='word_1_158' title='bbox 705 3313 837 3373; x_wconf 81' lang='lat' dir='ltr'><strong>Gladium</strong></span> <span class='ocrx_word' id='word_1_159' title='bbox 862 3333 974 3393; x_wconf 87' lang='lat' dir='ltr'><strong>semper</strong></span> <span class='ocrx_word' id='word_1_160' title='bbox 995 3313 1145 3392; x_wconf 73' lang='lat' dir='ltr'><strong>gestabant</strong></span> <span class='ocrx_word' id='word_1_161' title='bbox 1164 3313 1274 3391; x_wconf 87' lang='lat' dir='ltr'><strong>antiqui</strong></span> 
     </span>
     <span class='ocr_line' id='line_1_26' title="bbox 162 3387 1273 3502; baseline 0.002 -48"><span class='ocrx_word' id='word_1_162' title='bbox 162 3396 288 3469; x_wconf 85' lang='lat' dir='ltr'><strong>Graeci,</strong></span> <span class='ocrx_word' id='word_1_163' title='bbox 326 3415 418 3476; x_wconf 85' lang='lat' dir='ltr'><strong>neque</strong></span> <span class='ocrx_word' id='word_1_164' title='bbox 447 3407 511 3457; x_wconf 84' lang='lat' dir='ltr'><strong>erat</strong></span> <span class='ocrx_word' id='word_1_165' title='bbox 539 3396 628 3500; x_wconf 89' lang='lat' dir='ltr'><strong>quod</strong></span> <span class='ocrx_word' id='word_1_166' title='bbox 641 3387 783 3457; x_wconf 80' lang='lat' dir='ltr'><strong>Mettlriee</strong></span> <span class='ocrx_word' id='word_1_167' title='bbox 809 3407 983 3502; x_wconf 85' lang='lat' dir='ltr'><strong>quaereret</strong></span> <span class='ocrx_word' id='word_1_168' title='bbox 987 3416 1069 3468; x_wconf 78' lang='lat' dir='ltr'><strong>num,</strong></span> <span class='ocrx_word' id='word_1_169' title='bbox 1101 3395 1151 3475; x_wconf 88' lang='lat' dir='ltr'><strong>qni</strong></span> <span class='ocrx_word' id='word_1_170' title='bbox 1177 3394 1273 3495; x_wconf 83' lang='lat' dir='ltr'><strong>gladio</strong></span> 
     </span>
     <span class='ocr_line' id='line_1_27' title="bbox 164 3474 1273 3561; baseline 0 -23"><span class='ocrx_word' id='word_1_171' title='bbox 164 3481 274 3539; x_wconf 84' lang='lat' dir='ltr'><strong>cinctus</strong></span> <span class='ocrx_word' id='word_1_172' title='bbox 296 3490 391 3552; x_wconf 87' lang='lat' dir='ltr'><strong>esset,</strong></span> <span class='ocrx_word' id='word_1_173' title='bbox 416 3479 474 3539; x_wconf 85' lang='lat' dir='ltr'><strong>diei</strong></span> <span class='ocrx_word' id='word_1_174' title='bbox 494 3491 591 3560; x_wconf 87' lang='lat' dir='ltr'><strong>posset</strong></span> <span class='ocrx_word' id='word_1_175' title='bbox 611 3475 742 3561; x_wconf 80' lang='grc' dir='ltr'><strong><em>άτευχής.</em></strong></span> <span class='ocrx_word' id='word_1_176' title='bbox 783 3477 900 3540; x_wconf 86' lang='lat' dir='ltr'><strong>Nam&#39;</strong></span> <span class='ocrx_word' id='word_1_177' title='bbox 883 3474 1005 3560; x_wconf 78' lang='grc' dir='ltr'><strong><em>ατευχὴς</em></strong></span> <span class='ocrx_word' id='word_1_178' title='bbox 1026 3481 1050 3538; x_wconf 91' lang='lat' dir='ltr'><strong>is</strong></span> <span class='ocrx_word' id='word_1_179' title='bbox 1071 3489 1126 3550; x_wconf 89' lang='lat' dir='ltr'><strong>est,</strong></span> <span class='ocrx_word' id='word_1_180' title='bbox 1150 3479 1198 3558; x_wconf 90' lang='lat' dir='ltr'><strong>qni</strong></span> <span class='ocrx_word' id='word_1_181' title='bbox 1220 3497 1273 3538; x_wconf 86' lang='lat' dir='ltr'><strong>nec</strong></span> 
     </span>
     <span class='ocr_line' id='line_1_28' title="bbox 164 3559 1278 3665; baseline 0.001 -45"><span class='ocrx_word' id='word_1_182' title='bbox 164 3567 273 3621; x_wconf 85' lang='lat' dir='ltr'><strong>sentum</strong></span> <span class='ocrx_word' id='word_1_183' title='bbox 303 3581 395 3641; x_wconf 86' lang='lat' dir='ltr'><strong>neque</strong></span> <span class='ocrx_word' id='word_1_184' title='bbox 417 3563 526 3642; x_wconf 87' lang='lat' dir='ltr'><strong>galeam</strong></span> <span class='ocrx_word' id='word_1_185' title='bbox 548 3563 644 3625; x_wconf 85' lang='lat' dir='ltr'><strong>habet.</strong></span> <span class='ocrx_word' id='word_1_186' title='bbox 697 3564 778 3626; x_wconf 86' lang='lat' dir='ltr'><strong>llaec</strong></span> <span class='ocrx_word' id='word_1_187' title='bbox 800 3585 880 3624; x_wconf 86' lang='lat' dir='ltr'><strong>arma</strong></span> <span class='ocrx_word' id='word_1_188' title='bbox 902 3564 1107 3665; x_wconf 79' lang='lat' dir='ltr'><strong>Neoptolemus</strong></span> <span class='ocrx_word' id='word_1_189' title='bbox 1129 3559 1164 3622; x_wconf 90' lang='lat' dir='ltr'><strong>de</strong></span> <span class='ocrx_word' id='word_1_190' title='bbox 1185 3562 1278 3662; x_wconf 68' lang='lat' dir='ltr'><strong>posti·</strong></span> 
     </span>
     <span class='ocr_line' id='line_1_29' title="bbox 163 3639 1273 3752; baseline 0.004 -48"><span class='ocrx_word' id='word_1_191' title='bbox 163 3646 215 3705; x_wconf 90' lang='lat' dir='ltr'><strong>bns</strong></span> <span class='ocrx_word' id='word_1_192' title='bbox 245 3643 386 3749; x_wconf 83' lang='lat' dir='ltr'><strong>deripit</strong></span> <span class='ocrx_word' id='word_1_193' title='bbox 378 3647 469 3724; x_wconf 87' lang='lat' dir='ltr'><strong>risque</strong></span> <span class='ocrx_word' id='word_1_194' title='bbox 500 3665 531 3706; x_wconf 89' lang='lat' dir='ltr'><strong>se</strong></span> <span class='ocrx_word' id='word_1_195' title='bbox 560 3649 647 3725; x_wconf 88' lang='lat' dir='ltr'><strong>tegit.</strong></span> <span class='ocrx_word' id='word_1_196' title='bbox 679 3645 764 3752; x_wconf 80' lang='lat' dir='ltr'><strong>pnde</strong></span> <span class='ocrx_word' id='word_1_197' title='bbox 779 3660 824 3708; x_wconf 85' lang='lat' dir='ltr'><strong>est</strong></span> <span class='ocrx_word' id='word_1_198' title='bbox 851 3667 880 3707; x_wconf 89' lang='lat' dir='ltr'><strong>v.</strong></span> <span class='ocrx_word' id='word_1_199' title='bbox 900 3648 993 3711; x_wconf 88' lang='grc'><strong>1099.</strong></span> <span class='ocrx_word' id='word_1_200' title='bbox 1016 3640 1166 3728; x_wconf 75' lang='grc' dir='ltr'><strong><em>προῦτεινε</em></strong></span> <span class='ocrx_word' id='word_1_201' title='bbox 1187 3639 1273 3725; x_wconf 83' lang='grc' dir='ltr'><strong><em>τείχη</em></strong></span> 
     </span>
     <span class='ocr_line' id='line_1_30' title="bbox 163 3723 1135 3808; baseline -0.002 -18"><span class='ocrx_word' id='word_1_202' title='bbox 163 3723 355 3806; x_wconf 82' lang='grc' dir='ltr'><strong><em>κάφυλάσσετ’</em></strong></span> <span class='ocrx_word' id='word_1_203' title='bbox 381 3723 518 3808; x_wconf 79' lang='grc' dir='ltr'><strong><em>ἐμβολάς,</em></strong></span> <span class='ocrx_word' id='word_1_204' title='bbox 541 3728 631 3792; x_wconf 76' lang='grc' dir='ltr'><strong><em>ἐκεῖσε</em></strong></span> <span class='ocrx_word' id='word_1_205' title='bbox 652 3725 764 3792; x_wconf 82' lang='grc' dir='ltr'><strong><em>κάκεῖσ’</em></strong></span> <span class='ocrx_word' id='word_1_206' title='bbox 788 3725 888 3793; x_wconf 80' lang='grc' dir='ltr'><strong><em>άσπίδ’</em></strong></span> <span class='ocrx_word' id='word_1_207' title='bbox 915 3727 1047 3792; x_wconf 74' lang='grc' dir='ltr'><strong><em>ἐκτείνων</em></strong></span> <span class='ocrx_word' id='word_1_208' title='bbox 1067 3727 1135 3808; x_wconf 80' lang='grc' dir='ltr'><strong><em>χερί.</em></strong></span> 
     </span>
    </p>
   </div>
   <div class='ocr_carea' id='block_1_6' title="bbox 163 3826 1271 3974">
    <p class='ocr_par' dir='ltr' id='par_1_8' title="bbox 163 3826 1271 3974">
     <span class='ocr_line' id='line_1_31' title="bbox 245 3826 1271 3908; baseline -0.007 -19"><span class='ocrx_word' id='word_1_209' title='bbox 245 3827 338 3890; x_wconf 89' lang='grc'><strong>1098.</strong></span> <span class='ocrx_word' id='word_1_210' title='bbox 382 3826 416 3886; x_wconf 90' lang='grc' dir='ltr'><strong>Ιιι</strong></span> <span class='ocrx_word' id='word_1_211' title='bbox 445 3828 526 3888; x_wconf 85' lang='lat' dir='ltr'><strong>Flor.</strong></span> <span class='ocrx_word' id='word_1_212' title='bbox 546 3832 596 3894; x_wconf 88' lang='grc'><strong>15</strong></span> <span class='ocrx_word' id='word_1_213' title='bbox 621 3829 728 3890; x_wconf 82' lang='lat' dir='ltr'><strong>excidit</strong></span> <span class='ocrx_word' id='word_1_214' title='bbox 748 3830 863 3902; x_wconf 84' lang='lat' dir='ltr'><strong>lolium,</strong></span> <span class='ocrx_word' id='word_1_215' title='bbox 893 3847 949 3908; x_wconf 90' lang='lat' dir='ltr'><strong>quo</strong></span> <span class='ocrx_word' id='word_1_216' title='bbox 969 3826 1187 3888; x_wconf 84' lang='lat' dir='ltr'><strong>continebantur</strong></span> <span class='ocrx_word' id='word_1_217' title='bbox 1207 3842 1271 3884; x_wconf 89' lang='lat' dir='ltr'><strong>ver-</strong></span> 
     </span>
     <span class='ocr_line' id='line_1_32' title="bbox 163 3909 467 3974; baseline 0.02 -6"><span class='ocrx_word' id='word_1_218' title='bbox 163 3929 210 3968; x_wconf 86' lang='lat' dir='ltr'><strong>sos</strong></span> <span class='ocrx_word' id='word_1_219' title='bbox 232 3909 365 3973; x_wconf 80' lang='lat'>1098-</span> <span class='ocrx_word' id='word_1_220' title='bbox 373 3911 467 3974; x_wconf 86' lang='lat'>1187.</span> 
     </span>
    </p>
   </div>
   <div class='ocr_carea' id='block_1_7' title="bbox 161 3998 1353 4627">
    <p class='ocr_par' dir='ltr' id='par_1_9' title="bbox 161 3998 1353 4587">
     <span class='ocr_line' id='line_1_33' title="bbox 244 3998 1269 4110; baseline -0.006 -39"><span class='ocrx_word' id='word_1_221' title='bbox 244 4006 338 4073; x_wconf 92' lang='grc'><strong>1099</strong></span> <span class='ocrx_word' id='word_1_222' title='bbox 381 4007 463 4068; x_wconf 85' lang='lat' dir='ltr'><strong>Libri</strong></span> <span class='ocrx_word' id='word_1_223' title='bbox 484 4006 535 4071; x_wconf 76' lang='grc' dir='ltr'><strong>καὶ</strong></span> <span class='ocrx_word' id='word_1_224' title='bbox 555 4002 712 4087; x_wconf 90' lang='grc' dir='ltr'><strong><em>φυλάσσετ’</em></strong></span> <span class='ocrx_word' id='word_1_225' title='bbox 721 4001 868 4110; x_wconf 75' lang='grc' dir='ltr'><strong><em>ἐμβολάς.</em></strong></span> <span class='ocrx_word' id='word_1_226' title='bbox 911 4007 1008 4067; x_wconf 84' lang='lat' dir='ltr'><strong>Guelf.</strong></span> <span class='ocrx_word' id='word_1_227' title='bbox 1033 4000 1109 4068; x_wconf 76' lang='grc' dir='ltr'><strong><em>κάλ’</em></strong></span> <span class='ocrx_word' id='word_1_228' title='bbox 1113 3998 1269 4082; x_wconf 82' lang='grc' dir='ltr'><strong><em>φυλάσσετ’</em></strong></span> 
     </span>
     <span class='ocr_line' id='line_1_34' title="bbox 163 4083 1272 4189; baseline -0.005 -36"><span class='ocrx_word' id='word_1_229' title='bbox 163 4086 292 4189; x_wconf 79' lang='grc' dir='ltr'><strong><em>ἐρβολάς.</em></strong></span> <span class='ocrx_word' id='word_1_230' title='bbox 334 4092 523 4152; x_wconf 80' lang='lat' dir='ltr'><strong>Recentiores</strong></span> <span class='ocrx_word' id='word_1_231' title='bbox 548 4091 673 4151; x_wconf 80' lang='lat' dir='ltr'><strong>editores</strong></span> <span class='ocrx_word' id='word_1_232' title='bbox 694 4083 890 4188; x_wconf 83' lang='grc' dir='ltr'><strong><em>κάφυλάσσετ’</em></strong></span> <span class='ocrx_word' id='word_1_233' title='bbox 914 4083 1046 4186; x_wconf 76' lang='grc' dir='ltr'><strong><em>ἐμβολάς.</em></strong></span> <span class='ocrx_word' id='word_1_234' title='bbox 1091 4086 1186 4149; x_wconf 81' lang='lat' dir='ltr'><strong>Valde</strong></span> <span class='ocrx_word' id='word_1_235' title='bbox 1208 4108 1272 4167; x_wconf 91' lang='lat' dir='ltr'><strong>spe</strong></span> 
     </span>
     <span class='ocr_line' id='line_1_35' title="bbox 162 4165 1288 4255; baseline -0.003 -23"><span class='ocrx_word' id='word_1_236' title='bbox 162 4175 240 4234; x_wconf 83' lang='lat' dir='ltr'><strong>close</strong></span> <span class='ocrx_word' id='word_1_237' title='bbox 268 4184 313 4234; x_wconf 88' lang='lat' dir='ltr'><strong>est</strong></span> <span class='ocrx_word' id='word_1_238' title='bbox 332 4174 479 4255; x_wconf 89' lang='lat' dir='ltr'><strong>Lentingii</strong></span> <span class='ocrx_word' id='word_1_239' title='bbox 508 4176 672 4234; x_wconf 83' lang='lat' dir='ltr'><strong>coniectura</strong></span> <span class='ocrx_word' id='word_1_240' title='bbox 701 4172 751 4234; x_wconf 81' lang='grc' dir='ltr'><strong><em>καλ</em></strong></span> <span class='ocrx_word' id='word_1_241' title='bbox 770 4167 946 4251; x_wconf 85' lang='grc' dir='ltr'><strong><em>φυλάσσεται</em></strong></span> <span class='ocrx_word' id='word_1_242' title='bbox 963 4165 1059 4252; x_wconf 84' lang='grc' dir='ltr'><strong><em>βολάς.</em></strong></span> <span class='ocrx_word' id='word_1_243' title='bbox 1107 4169 1209 4230; x_wconf 88' lang='lat' dir='ltr'><strong>Potest</strong></span> <span class='ocrx_word' id='word_1_244' title='bbox 1229 4183 1274 4230; x_wconf 86' lang='lat' dir='ltr'><strong>ta</strong></span> <span class='ocrx_word' id='word_1_245' title='bbox 1287 4201 1288 4204; x_wconf 21' lang='grc' dir='ltr'><strong><em>ζ</em></strong></span> 
     </span>
     <span class='ocr_line' id='line_1_36' title="bbox 161 4249 1353 4339; baseline -0.002 -23"><span class='ocrx_word' id='word_1_246' title='bbox 161 4277 225 4317; x_wconf 90' lang='lat' dir='ltr'><strong>men</strong></span> <span class='ocrx_word' id='word_1_247' title='bbox 253 4255 368 4318; x_wconf 87' lang='lat' dir='ltr'><strong>delendi</strong></span> <span class='ocrx_word' id='word_1_248' title='bbox 395 4253 526 4339; x_wconf 76' lang='grc' dir='ltr'><strong><em>ἐμβολάς.</em></strong></span> <span class='ocrx_word' id='word_1_249' title='bbox 567 4257 645 4318; x_wconf 87' lang='lat' dir='ltr'><strong>Nam</strong></span> <span class='ocrx_word' id='word_1_250' title='bbox 666 4249 756 4336; x_wconf 81' lang='grc' dir='ltr'><strong><em>βολάς</em></strong></span> <span class='ocrx_word' id='word_1_251' title='bbox 777 4255 884 4315; x_wconf 90' lang='lat' dir='ltr'><strong>evitare</strong></span> <span class='ocrx_word' id='word_1_252' title='bbox 906 4265 1000 4334; x_wconf 82' lang='lat' dir='ltr'><strong>potest</strong></span> <span class='ocrx_word' id='word_1_253' title='bbox 1020 4255 1083 4334; x_wconf 87' lang='lat' dir='ltr'><strong>quis</strong></span> <span class='ocrx_word' id='word_1_254' title='bbox 1104 4255 1192 4314; x_wconf 86' lang='lat' dir='ltr'><strong>variis</strong></span> <span class='ocrx_word' id='word_1_255' title='bbox 1212 4275 1273 4314; x_wconf 90' lang='lat' dir='ltr'><strong>mo·</strong></span> <span class='ocrx_word' id='word_1_256' title='bbox 1351 4309 1353 4314; x_wconf 83' lang='lat'><em>.</em></span> 
     </span>
     <span class='ocr_line' id='line_1_37' title="bbox 162 4337 1273 4439; baseline 0 -39"><span class='ocrx_word' id='word_1_257' title='bbox 162 4341 236 4400; x_wconf 87' lang='lat' dir='ltr'><strong>tibus</strong></span> <span class='ocrx_word' id='word_1_258' title='bbox 258 4342 403 4420; x_wconf 86' lang='lat' dir='ltr'><strong>corporis,</strong></span> <span class='ocrx_word' id='word_1_259' title='bbox 433 4352 466 4400; x_wconf 93' lang='lat' dir='ltr'><strong>ut</strong></span> <span class='ocrx_word' id='word_1_260' title='bbox 485 4342 696 4439; x_wconf 86' lang='lat' dir='ltr'><strong>praetervolent</strong></span> <span class='ocrx_word' id='word_1_261' title='bbox 717 4357 789 4418; x_wconf 88' lang='lat' dir='ltr'><strong>qnae</strong></span> <span class='ocrx_word' id='word_1_262' title='bbox 811 4339 840 4396; x_wconf 92' lang='lat' dir='ltr'><strong>in</strong></span> <span class='ocrx_word' id='word_1_263' title='bbox 861 4357 925 4396; x_wconf 85' lang='lat' dir='ltr'><strong>eum</strong></span> <span class='ocrx_word' id='word_1_264' title='bbox 949 4339 1098 4397; x_wconf 87' lang='lat' dir='ltr'><strong>mittuntur</strong></span> <span class='ocrx_word' id='word_1_265' title='bbox 1118 4337 1194 4398; x_wconf 88' lang='lat' dir='ltr'><strong>tela.</strong></span> <span class='ocrx_word' id='word_1_266' title='bbox 1225 4337 1273 4420; x_wconf 76' lang='grc' dir='ltr'><strong>ἒμ-</strong></span> 
     </span>
     <span class='ocr_line' id='line_1_38' title="bbox 161 4417 1270 4504; baseline -0.004 -18"><span class='ocrx_word' id='word_1_267' title='bbox 161 4417 427 4504; x_wconf 66' lang='lat' dir='ltr'><strong>potiremini,</strong></span> <span class='ocrx_word' id='word_1_268' title='bbox 451 4435 483 4485; x_wconf 88' lang='lat' dir='ltr'><strong>ut</strong></span> <span class='ocrx_word' id='word_1_269' title='bbox 502 4425 628 4504; x_wconf 81' lang='lat' dir='ltr'><strong>excipiat</strong></span> <span class='ocrx_word' id='word_1_270' title='bbox 648 4421 760 4502; x_wconf 85' lang='lat' dir='ltr'><strong>quidem</strong></span> <span class='ocrx_word' id='word_1_271' title='bbox 782 4431 863 4482; x_wconf 84' lang='lat' dir='ltr'><strong>sento</strong></span> <span class='ocrx_word' id='word_1_272' title='bbox 884 4422 929 4481; x_wconf 89' lang='lat' dir='ltr'><strong>vel</strong></span> <span class='ocrx_word' id='word_1_273' title='bbox 950 4422 1057 4500; x_wconf 82' lang='lat' dir='ltr'><strong>galea</strong></span> <span class='ocrx_word' id='word_1_274' title='bbox 1049 4433 1122 4480; x_wconf 83' lang='lat' dir='ltr'><strong>notos</strong></span> <span class='ocrx_word' id='word_1_275' title='bbox 1138 4423 1270 4500; x_wconf 80' lang='lat' dir='ltr'><strong>telorum,</strong></span> 
     </span>
     <span class='ocr_line' id='line_1_39' title="bbox 163 4505 1236 4627; baseline 0.001 -60"><span class='ocrx_word' id='word_1_276' title='bbox 163 4505 212 4567; x_wconf 91' lang='lat' dir='ltr'><strong>sed</strong></span> <span class='ocrx_word' id='word_1_277' title='bbox 233 4508 347 4587; x_wconf 81' lang='lat' dir='ltr'><strong>frangat</strong></span> <span class='ocrx_word' id='word_1_278' title='bbox 367 4526 464 4568; x_wconf 84' lang='lat' dir='ltr'><strong>eorum</strong></span> <span class='ocrx_word' id='word_1_279' title='bbox 485 4509 561 4582; x_wconf 88' lang='lat' dir='ltr'><strong>vim,</strong></span> <span class='ocrx_word' id='word_1_280' title='bbox 585 4519 693 4568; x_wconf 89' lang='lat' dir='ltr'><strong>utnon</strong></span> <span class='ocrx_word' id='word_1_281' title='bbox 716 4506 821 4567; x_wconf 82' lang='lat' dir='ltr'><strong>feriant</strong></span> <span class='ocrx_word' id='word_1_282' title='bbox 843 4525 946 4587; x_wconf 86' lang='lat' dir='ltr'><strong>oorpns</strong></span> <span class='ocrx_word' id='word_1_283' title='bbox 967 4507 1050 4587; x_wconf 87' lang='lat' dir='ltr'><strong>eique</strong></span> <span class='ocrx_word' id='word_1_284' title='bbox 1072 4506 1236 4627; x_wconf 75' lang='lat' dir='ltr'><strong>inligantur.</strong></span> 
     </span>
    </p>
   </div>
   <div class='ocr_carea' id='block_1_8' title="bbox 0 0 1518 5136">
    <p class='ocr_par' dir='ltr' id='par_1_10' title="bbox 0 0 1518 5136">
     <span class='ocr_line' id='line_1_40' title="bbox 0 0 1518 5136; baseline 0 0"><span class='ocrx_word' id='word_1_285' title='bbox 0 0 1518 5136; x_wconf 95' lang='lat' dir='ltr'><strong> </strong></span> 
     </span>
    </p>
   </div>
  </div>
 </body>
</html>
