2996 5136
638 345 713 420 157

110 520 270 624 μέτωπά
292 525 324 598 τ’
350 523 528 610 ἐξέπεισεν
555 525 719 624 ελςβῆναι
742 523 848 626 (λύρα.

111 651 216 734 τέλος
242 649 280 725 d’
305 647 429 744 ἐπειδὴ
455 655 548 732 ναῦς
572 649 620 726 τοὶ
643 647 751 728 πάντ’
777 651 938 741 ἐδέξατο,

112 774 287 872 πλήσασα
309 770 778 876 κλιμακτῆραςεύσφύρον
803 775 917 860 noddo

107 901 232 996 Ἑλένη
257 899 423 990 καθέζετ’
450 903 491 976 ἐν
512 900 638 997 μέσοις
661 899 837 991 ἑδωλίοις,

114 1027 137 1103 ii
159 1027 191 1100 τ’
219 1026 337 1101 οὐκέτ’
363 1023 418 1102 α’ίν
443 1021 583 1128 λόγοισι
601 1026 797 1111 Μενέλεως
821 1034 949 1110 πέλας·

113 1153 219 1226 ἄλλοι
244 1148 285 1226 dd
309 1148 456 1245 τοίχους
475 1150 616 1236 ιλεξιούς
637 1148 764 1236 λαιούς
787 1153 817 1227 τ’
836 1156 908 1228 ίσοι

112 1275 209 1376 ἀνὴρ
236 1275 321 1374 παρ’
348 1275 454 1376 ἄνδρ’
481 1273 617 1366 ἕζονθ’,
650 1277 716 1377 ὑφ’
741 1280 866 1375 εἵμασι
887 1277 974 1377 ξίφη
1067 1294 1069 1306 “

111 1401 272 1501 λαθραῖ’
300 1402 443 1495 ἔχοντες
448 1455 460 1488 ,
494 1397 608 1498 udum}
627 1400 660 1476 τ’
682 1401 922 1498 ἐξεπίμπλατο

109 1528 224 1626 βοῆς,
253 1533 450 1600 κελευστοῦ
476 1525 672 1629 φθέγμαθ’
699 1527 750 1610 οἷς
770 1523 994 1626 ἠκούσαμεν.
1230 1549 1310 1607 1595

111 1649 190 1725 ἐπεὶ
213 1647 255 1724 ds*
279 1648 389 1752 μαίας
412 1649 506 1748 ἦμεν
527 1653 604 1728 οὔτ’
631 1651 731 1755 ἄγαν
754 1648 883 1750 πρόσω

112 1776 191 1851 οὔτ’
219 1771 348 1877 ἐμφύς,
373 1776 492 1861 οὕτως
518 1777 612 1876 ἤρετ’
635 1773 776 1854 οἰάκων
798 1774 938 1876 φύλαξ·

111 1902 183 1989 ἐτ’,
216 1898 247 1974 ὦ
274 1900 355 1988 ξέν’,
391 1907 442 1984 είς
464 1901 508 1976 τὸ
533 1899 723 2003 πρόσθεν,
750 1900 774 1997 ἢ
797 1910 920 1986 καλῶς
942 1903 1025 1996 ἔχει,

110 2021 330 2124 πλεύσωμεν
336 2055 350 2114 ,·
377 2025 490 2126 ἀρχαὶ
514 2027 587 2129 γὰρ
608 2027 700 2110 νεαλς
718 2027 869 2126 μέλουσι
889 2025 956 2103 σοί.

112 2151 133 2226 ὃ
155 2150 195 2226 δ’
213 2149 297 2250 εἶφ’,
332 2149 411 2233 ἅλις
430 2177 516 2250 μοι·
558 2152 660 2252 δεξιᾷ
685 2148 724 2227 θ’
746 2151 840 2232 ἑλῶν
859 2151 964 2252 ξίφος

112 2471 220 2532 circum
243 2487 350 2528 cornua
369 2469 519 2548 religatum
541 2469 679 2540 hahebat,
707 2485 761 2546 quo
783 2467 951 2528 duceretur:
986 2487 1023 2528 ex
1050 2487 1106 2547 quo
1127 2465 1218 2526 dietus

39 2603 41 2606 .
113 2563 158 2614 est
178 2551 385 2631 μονάμπυκος.
428 2555 530 2632 Neque
552 2555 626 2613 enim
650 2552 824 2612 Graecorum
845 2553 919 2612 tauri
941 2551 1146 2610 mansuetiores
1167 2567 1219 2609 ao-

113 2637 181 2697 stris
204 2636 297 2696 inere.
341 2635 401 2696 Sed
422 2638 627 2697 obliviscuntur
655 2637 783 2695 homines
805 2633 899 2707 docti,
928 2653 1011 2714 quum
1031 2636 1107 2693 inter
1128 2634 1217 2693 iibros

113 2719 231 2790 sedent,
254 2737 326 2796 quae
349 2722 408 2779 suis
430 2719 554 2800 quotidie
576 2721 665 2780 oeulis
686 2717 795 2780 vident.
839 2719 961 2779 iuvisset
976 2719 1023 2778 hio
1040 2718 1218 2777 eonsuinisse

111 2801 293 2874 Brodaeum,
314 2805 363 2880 qui
383 2823 438 2864 ono
461 2806 572 2864 αὀοιιὶο
593 2806 712 2882 ligatum
736 2805 872 2864 cernebam
893 2804 1093 2884 interpretatas
1115 2811 1188 2860 erat.

198 2914 290 2973 1589.
334 2907 409 2971 Edd.
431 2912 643 2990 antiquissimae
659 2915 933 2992 κλιμαντῆραςεοιο
948 2911 1029 2971 Flor.
1049 2922 1078 2972 1.
1095 2921 1126 2974 2.
1157 2907 1219 2972 Sed

112 2996 142 3054 in
163 2994 257 3054 Herv.
277 3003 309 3054 2.
339 2996 497 3054 restitutum
523 2999 731 3074 κλιμακτῆρας.
781 2993 926 3073 Πλ-ἡσασα
953 2997 1121 3076 explicatum
1151 3015 1216 3054 esse

113 3077 212 3138 dieunt
240 3097 258 3136 a
286 3077 417 3138 Persono
446 3076 481 3136 ad
511 3075 687 3138 Οεοε1.’54.
730 3077 773 3137 At
794 3099 851 3137 non
872 3079 942 3136 satis
963 3089 1095 3138 accurate
1117 3080 1165 3140 ille
1186 3077 1216 3137 id

113 3162 231 3242 spatium
253 3161 375 3239 aliquem
395 3162 511 3240 expiere
531 3160 591 3220 diei
610 3162 738 3232 censuit,
766 3163 847 3220 ouius
866 3162 960 3222 varias
981 3173 1077 3242 partes
1099 3161 1216 3222 oberra-

113 3255 176 3305 rata
214 3245 318 3317 immo,
343 3244 417 3324 quod
439 3244 502 3323 quis
522 3254 609 3302 totum
632 3244 770 3324 pervadit.

198 3354 291 3412 1590.
334 3349 418 3411 Flor.
438 3361 467 3414 1.
486 3360 519 3413 2.
545 3351 697 3430 ἑδωλίων,
726 3351 918 3432 superscripto
938 3361 1032 3412 tanum
1054 3373 1108 3424 οις.

198 3465 291 3523 1593.
334 3456 411 3535 Edd.
435 3469 506 3520 vett.
530 3457 645 3536 ἕζοντο,
673 3454 736 3538 ἐφ’,
758 3458 831 3540 quod
853 3459 977 3522 correxit
993 3457 1163 3520 Barnesius.

197 3570 298 3629 1594..
331 3566 414 3626 Flor.
438 3578 465 3630 1.
487 3577 519 3628 2.
542 3565 609 3630 edd.
633 3579 705 3628 vett.
729 3563 842 3649 ὄρθριέι
861 3563 895 3628 τ’.
943 3564 1093 3627 Brodaeus
1121 3563 1216 3646 ίρθιέ

112 3649 248 3794 τ’,ὤρρρά
272 3661 434 3794 ρρεερίρω,
461 3671 575 3808 ’nqque'
589 3651 653 3796 λαμ
679 3649 835 3816 Ρίἒεεοτοε
863 3651 893 3711 in
919 3651 1056 3713 Verisim.
1086 3671 1116 3730 p.
1142 3658 1214 3714 1862

112 3756 143 3795 so
191 3754 291 3793 rrussr
328 3757 364 3812 ρο
393 3757 462 3795 ιατ
525 3758 619 3814 oneum
637 3755 690 3798 ατο
733 3760 796 3814 οης.

196 3845 288 3904 1595.
330 3841 396 3899 Ηοε
411 3861 520 3920 quoque
537 3837 642 3912 ibidem
662 3844 786 3902 correxit
801 3840 971 3912 Piersonns,
994 3859 1077 3918 quum
1090 3840 1120 3898 in
1134 3839 1215 3898 utris

112 3927 152 3983 ita
172 3924 332 4003 legereturt
371 3922 485 3999 ίίρθριίι
512 3922 537 3986 τ’
560 3926 757 4004 ἐξεπίμπλατο
778 3927 854 4005 βοῆς
879 3923 1028 3986 κελεύθου
1049 3919 1216 4001 φθέγμαθ’,

114 4005 358 4087 muniendaeque.
392 4006 521 4082 Ρεοοῑει·
541 4009 614 4082 alia,
638 4029 709 4088 quae
730 4009 779 4068 iile
798 4003 1004 4067 confirmandae
1026 4003 1215 4066 emendationi

113 4109 180 4150 snae
208 4091 319 4164 attulit,
355 4093 501 4169 aptissima
528 4102 593 4151 sunt
620 4091 691 4151 haee
718 4092 812 4168 Longi
833 4089 919 4150 verba
940 4088 994 4148 111.
1018 4099 1071 4150 21.
1097 4083 1140 4162 εἷς
1161 4087 1216 4170 μὲν

111 4172 216 4248 αὐτοῖς
243 4173 402 4254 κελευστὴς
428 4172 571 4248 ναυτικὰς
598 4165 674 4255 ᾖδεν
700 4171 798 4256 φ’ἐέις,
836 4172 868 4233 ολ
895 4169 928 4232 di
950 4172 1052 4234 λοιποὶ
1073 4171 1214 4255 καθάπερ

111 4255 203 4342 χορὸς
231 4255 402 4338 ὁμοφώνως
424 4255 498 4322 nord
520 4253 627 4340 καιρὸν
647 4259 701 4337 τῆς
722 4257 837 4320 ἐκείνου
858 4258 964 4334 φωνῆς
984 4255 1089 4339 ἐβόων.

197 4371 289 4428 1599.
333 4365 437 4428 Libri:
477 4362 566 4448 α’ρχαλ
584 4361 642 4446 γὰρ’
662 4359 737 4439 osuiu
758 4361 880 4442 μέλουσί
901 4386 961 4444 μοι.
1003 4361 1157 4426 Eimsleius
1179 4358 1214 4426 ad

111 4447 207 4530 lphig.
231 4449 411 4522 Taur.199.
436 4469 484 4512 σοι
505 4452 592 4510 scribi
614 4449 716 4524 iussit,
743 4445 816 4531 quod
838 4447 965 4528 reposuit
983 4445 1134 4532 Matthiae.

195 4562 289 4626 1600,
316 4556 410 4618 *Edu
435 4569 499 4627 ante
519 4556 706 4623 Barnosinm:
740 4555 757 4622 d
780 4553 806 4620 δ’
829 4551 921 4622 εἶπεν.
