3022 5140
670 305 721 381 69

241 484 445 587 εὐδόκιμον
469 487 491 564 d
515 485 604 572 Διὸς
624 486 695 572 ἶνις
720 488 915 590 ἀμφέβαλε
939 489 1059 596 φόνῳ,

238 611 370 690 κοινάν
394 610 466 688 τάν
490 613 658 690 εὔκλειαν
678 614 802 710 ἔχοντ’

239 733 429 841 Εὐρώπαν
454 736 670 838 ἀφικέσθαι.

564 924 822 1002 ΤΡΟΦΟΣ.

138 1043 369 1146 ὥφίλταται
392 1049 585 1149 γυναῖκες,
608 1046 658 1132 otc
682 1048 802 1126 κακὸν
830 1057 937 1150 κακρῖ

138 1167 319 1268 διάδοχον
342 1172 383 1248 ἐν
406 1168 494 1275 τῇδ’
517 1171 637 1274 ἡμέρᾳ
662 1171 897 1274 πορσύνεται.

137 1295 313 1374 δέσποινα
334 1293 408 1400 γάρ
434 1293 527 1374 κατ’
547 1297 672 1388 οἷκον,
693 1295 892 1398 Ἑρμιόνην
915 1297 1021 1403 λέγω,

135 1418 278 1524 πατρός
299 1421 339 1498 τ’
365 1423 602 1522 ἐρημωθεῖσα
627 1423 783 1524 συννοίᾳ
807 1424 855 1498 θ’
882 1421 963 1522 άμα

135 1549 220 1626 οἷον
242 1546 423 1649 δέδρακεν
444 1547 571 1650 ἔργον·
602 1543 861 1648 Ἀνδρομάχην
882 1551 1034 1623 κτανεῖν

135 1672 202 1750 καὶ
226 1670 344 1748 παῖδα
367 1666 623 1770 βουλεύσασα,
650 1674 857 1750 κατθανεῖν
881 1671 993 1761 etta,

134 1794 249 1876 αόοιν
263 1797 469 1897 τρέμουσα,
496 1795 549 1896 μὴ
576 1796 661 1876 ἀντὶ
686 1805 766 1875 τοῖν
791 1794 1034 1897 δεδραμένων

135 1926 178 2000 ἐκ
196 1921 318 2000 τῶνδ’
346 1920 489 2020 ἀτίμως
508 1918 699 2022 δωμάτων
724 1923 927 2020 άποσταλῇ,

133 2048 159 2145 ἢ
184 2045 380 2146 κατθάνη,
405 2046 602 2126 κτείνουσα
626 2047 714 2133 τούς
740 2049 785 2126 οὐ
806 2045 880 2148 χρὴ
902 2053 1066 2127 κτανεῖν.

137 2347 293 2434 εὐδόκιμος
313 2345 333 2414 ό
350 2346 426 2425 Διὸς
446 2343 503 2425 ἶνις
524 2362 624 2411 eontra
646 2352 737 2430 legem
760 2350 873 2431 linguae
900 2350 1005 2413 dictum
1032 2365 1126 2426 esset,
1154 2352 1244 2414 deleri

136 2434 285 2496 volehamz
313 2432 388 2494 unde
409 2435 565 2494 omiserunt
585 2454 649 2494 eum
669 2431 810 2496 Matthiae
831 2435 947 2515 aliique.
994 2435 1037 2496 At
1065 2436 1243 2497 scribendum

138 2530 203 2578 erat
230 2513 402 2597 εὐδόκιμον,
428 2517 503 2597 quod
532 2528 608 2578 esset
635 2517 670 2578 de
698 2518 786 2579 Troia
815 2517 933 2579 dictum.
984 2518 1066 2579 Pelei
1095 2518 1123 2578 in
1153 2521 1244 2600 prima

139 2601 242 2662 Troiae
263 2603 471 2681 expugnatione
493 2621 607 2682 operam
633 2600 798 2674 aPindaro
827 2603 971 2683 accepisse
993 2601 1157 2685 Euripidem
1187 2614 1243 2664 tra-

138 2683 181 2745 dit
200 2686 377 2745 scholiastes.
421 2684 491 2747 Vid.
514 2684 639 2745 Pindari
656 2687 758 2765 fragm.
783 2687 855 2750 158.

219 2785 294 2847 780.
338 2783 434 2843 Gueli.
459 2786 548 2845 Taur.
575 2785 655 2845 Flor.
680 2783 720 2845 A.
747 2786 798 2848 10.
830 2786 882 2849 15.
911 2782 981 2845 Ald.
1004 2785 1068 2846 rell.
1093 2779 1244 2869 Εὐρώταν.

136 2867 223 2930 Lase.
241 2866 310 2927 Par.
327 2865 364 2926 11.
379 2867 461 2928 Flor.
483 2870 515 2932 2.
539 2869 634 2928 Ηενο.
652 2869 733 2930 Vict.
757 2868 842 2929 Lasc.
859 2864 1018 2951 Ειίιράπαυ,
1039 2867 1090 2929 sed
1105 2869 1190 2928 Lasc.
1214 2871 1243 2929 in

137 2952 266 3034 margine
285 2974 320 3036 η.
338 2945 488 3031 Εὐροίταν.
521 2951 561 3016 Et
582 2954 635 3011 fuit
656 2953 686 3012 in
699 2952 849 3012 Thessalia
870 2954 918 3032 qui
938 2953 1065 3012 Homero
1086 2953 1243 3013 Titaresios

137 3033 243 3094 dicitur
262 3031 345 3096 Iliad.
361 3033 401 3093 11.
419 3037 492 3099 751.
514 3034 638 3096 Eurotas
659 3047 775 3094 vocatus
796 3047 868 3095 teste
884 3035 1023 3096 Strabone
1044 3036 1100 3096 lX.
1123 3058 1152 3117 p.
1168 3036 1242 3100 440.

138 3139 226 3218 aguas
248 3114 394 3258 eilprpldens
410 3117 438 3176 in
454 3117 593 3178 Peneum.
636 3117 705 3217 Νοιι
726 3119 751 3176 is
772 3130 865 3218 tamen
888 3129 952 3199 apte
969 3122 1162 3179 nominaretur
1182 3121 1244 3219 sine

137 3201 1052 3364 1121112131.θ..ξὲξὲίὲῑά“ίὲῑέ;θ“θ“ῑ“’
1075 3215 1241 3283 lm⁰⁵⁰¹l¹¹¹¹

220 3386 294 3447 781.
339 3383 420 3457 Quae
442 3385 488 3444 hic
510 3384 612 3443 mulier
632 3382 830 3457 introducitur,
856 3377 1022 3465 θεράπαινα
1042 3385 1070 3444 in
1094 3383 1172 3446 lihris
1194 3404 1243 3444 uo.-

138 3467 273 3539 calator,
304 3486 395 3546 neque
417 3468 445 3526 in
467 3466 560 3528 indice
582 3487 765 3548 personarum
787 3466 920 3528 distincta
942 3479 1004 3527 erat
1023 3489 1040 3528 a
1061 3467 1166 3532 famula
1181 3466 1243 3527 An-

138 3550 319 3614 dromachae.
363 3545 433 3609 Meo
454 3552 561 3610 monitu
582 3551 722 3611 Matthiae
744 3553 842 3631 etqui
863 3550 996 3631 deinceps
1013 3550 1243 3612 Andromacham

137 3633 303 3706 ediderunt,
325 3628 435 3715 τροφός
455 3653 586 3718 posuere,
611 3634 685 3717 quod
707 3635 793 3694 hahet
813 3636 898 3694 etiam
921 3633 1012 3695 codex
1029 3634 1098 3695 Par.
1118 3635 1243 3695 llardio·

139 3719 198 3790 nii,
229 3728 259 3777 et
287 3718 362 3778 iolla
390 3715 502 3796 quidam
530 3719 606 3779 libri.
657 3719 807 3778 Nutricem
835 3719 908 3778 enim
933 3719 1107 3778 Hermionae
1128 3738 1194 3779 esse
1213 3731 1242 3778 et

140 3821 232 3860 sermo
260 3800 408 3860 familiaris
436 3803 598 3881 utriusque,
630 3814 659 3862 et
688 3800 764 3882 quod
793 3801 978 3880 distinguitur
1001 3802 1102 3860 mulier
1131 3804 1186 3860 ista
1206 3802 1241 3860 al)

140 3885 312 3944 llermionae
333 3883 490 3957 famulitio,
522 3896 679 3945 monstrare
695 3897 817 3966 poterat.
868 3885 949 3945 Flor.
972 3887 1004 3948 2.
1028 3885 1125 3944 Gnell.
1150 3885 1239 3944 Taua.

138 3966 207 4027 Ald.
230 3968 296 4027 rell.
319 3961 411 4029 κατόν
429 3973 534 4042 κακοῖς.
583 3970 678 4028 Ηενο.
701 3964 794 4031 κακὸν
813 3971 929 4044 κακοῖν,
952 3980 983 4028 ut
1005 3967 1140 4046 Scaliger
1155 3979 1185 4028 et
1198 3967 1238 4027 ls.

137 4050 270 4112 Vossius.
314 4048 399 4110 Lase.
423 4063 454 4112 et
472 4053 580 4112 caeteri
600 4050 684 4112 codd.
706 4047 798 4114 κακὸν
818 4055 911 4136 κακῷ.

219 4152 294 4213 789.
352 4149 422 4209 Α1τ1.
453 4152 519 4211 rell.
541 4151 622 4210 Flor.
647 4150 687 4208 A.
714 4149 811 4209 Gneli'.
836 4151 925 4209 Tanr.
951 4149 1046 4208 llaec.
1080 4146 1240 4210 κτείνουσα.

138 4234 207 4294 Par.
223 4234 260 4292 B.
278 4233 316 4292 E.
335 4234 415 4293 Flac.
438 4234 471 4296 2.
494 4234 545 4297 10.
568 4235 620 4296 15.
637 4233 717 4293 vict.
735 4232 822 4292 Lasc.
842 4232 985 4294 κτείνασα.
1025 4229 1138 4291 Deinde
1155 4231 1240 4292 Lase.

139 4316 208 4376 Ald.
233 4318 297 4377 rell.
326 4312 395 4389 τούς
421 4312 457 4378 οὐ
478 4311 530 4396 χρὴ
551 4322 664 4378 θανεῖν.
708 4313 766 4374 Sed
781 4315 851 4374 Par.
876 4314 916 4374 A.
941 4315 978 4373 Β.
1002 4315 1097 4374 itam.
1119 4321 1243 4391 κτανεῖν,

140 4400 316 4464 ethaeam
334 4401 460 4480 margine
479 4423 515 4482 η.
537 4405 666 4464 aruasia:
690 4400 777 4478 qood,
800 4400 892 4478 inquit
905 4398 1056 4472 Matthiae,
1080 4400 1152 4460 ma’ho'
1163 4402 1244 4460 unice

140 4503 235 4545 cerem
256 4485 379 4546 videtur.
427 4485 569 4561 Quomodo
591 4483 881 4546 conmonuemus
902 4493 932 4544 et
942 4483 1029 4563 filios
1049 4483 1110 4544 δῖοι·
1124 4493 1244 4564 possm
