3022 5140
796 323 845 396 26

267 512 429 591 ἔκτεινας
453 504 503 580 ἂν
524 502 626 587 colcd’
634 534 646 591 ,·
668 501 732 578 εἶτ’
760 501 966 597 ἀπληστίαν
990 501 1116 598 λέχους

266 628 402 716 ποίσαις
425 629 572 734 γυναιξὶ
598 627 820 728 προστιθεῖσό
843 626 892 702 dlv
918 626 1084 726 εὑρέθης.

195 773 257 834 220
267 753 424 856 αἰσχρόν
448 785 500 858 γε.
527 753 649 829 καίτοι
672 752 807 851 χείρον’
833 751 1003 852 ἀρσένων
1026 749 1140 828 νόσον

264 878 406 976 ταύτην
430 881 635 981 νοσοῦμεν,
661 874 755 952 ἀλλὰ
779 883 1007 974 προσταῒμον
1032 883 1165 958 καλῶς.

265 1003 296 1080 ὦ
323 1004 476 1104 φίλταθ’
494 1004 644 1102 Ἕιπορ,
671 1003 747 1077 ἀλλ’
773 999 846 1103 e'yoi
874 999 943 1094 τὴν
968 999 1039 1095 σὴν
1059 997 1175 1096 χάριν

265 1130 325 1206 σοὶ
349 1130 414 1204 καὶ
440 1125 628 1228 ξονήρων,
656 1131 690 1201 ιί
712 1125 749 1200 τί
774 1149 813 1200 σε
840 1121 998 1224 σφοίλλοι
1022 1121 1178 1222 Κύπρις,

264 1239 328 1330 aiat
348 1249 501 1352 ’μαστὸν
524 1252 595 1349 ἤδη
616 1248 790 1361 πολλάκις
815 1248 964 1325 νόθοισι
990 1257 1069 1333 σοῖς

193 1380 435 1475 225ἒπὲσχον,
461 1383 525 1454 ἵνα
552 1401 610 1452 σοι
631 1374 750 1473 μηδὲν
776 1375 922 1470 ἑνδοίην
947 1371 1091 1473 πικρόν.

263 1505 328 1579 καὶ
352 1512 472 1580 ταῦτα
500 1501 630 1602 donica
654 1509 701 1597 τῇ
726 1502 838 1599 ἀρειῇ
863 1496 1100 1601 προρηγόμην

263 1626 391 1705 πόσιν·
419 1627 466 1703 σύ
492 1626 531 1703 d²
559 1625 645 1702 oo'dl
672 1625 797 1723 ῥανίό’
825 1623 1032 1724 ὑπαιθρίοις
1055 1619 1193 1722 όρόοοο

344 1913 419 1975 220.
465 1912 626 1970 Brunckius
647 1915 742 1990 χεῖρον
762 1930 798 1968 ex
820 1909 889 1968 Par.
908 1909 947 1969 A.
984 1909 1030 1968 Ac
1047 1908 1180 1966 Lascaris
1201 1906 1296 1985 χείρον
1317 1908 1379 1964 sine

261 1996 445 2076 apostropho.
493 1994 634 2053 Matthiae
665 1993 865 2052 Brunckianae
895 1995 1053 2072 scripturae
1075 2001 1153 2049 certe
1174 1991 1229 2048 hoc
1252 2010 1308 2046 non
1329 1987 1379 2048 de-

261 2078 347 2138 bebat
373 2096 532 2157 opponere,
564 2075 639 2155 quod
661 2072 749 2138 νόσον
771 2082 866 2138 νοσεῖν
896 2098 951 2134 non
977 2074 1073 2134 addito
1104 2072 1244 2132 adiectivo
1267 2073 1378 2130 Graece

262 2183 318 2220 non
348 2160 501 2219 diceretur.
554 2158 673 2220 Viditne
698 2159 823 2219 additum
854 2179 917 2219 esse
938 2154 1066 2238 ταύτηνῖ
1109 2155 1223 2215 Deinde
1244 2152 1313 2213 Par.
1338 2155 1375 2214 B.
1401 2211 1405 2216 .

260 2245 341 2302 Flor.
372 2243 412 2302 A.
437 2239 516 2306 ἀνῶ
565 2243 635 2302 Par.
665 2243 704 2302 Ε.
734 2243 815 2303 Flcr.
835 2243 887 2306 ll).
909 2245 961 2307 15.
987 2242 1071 2300 Lasc.
1097 2251 1126 2299 et
1153 2240 1255 2298 lemma
1276 2239 1378 2297 scholii

261 2322 436 2409 ἀνθρώπων.
473 2327 553 2385 Par.'
567 2324 606 2385 A.
632 2325 701 2386 Ald.
725 2327 790 2386 rell.
817 2323 952 2408 ιἰρσὲνοιν.

344 2427 417 2490 221.
461 2426 542 2487 Libri
563 2421 754 2507 προόσιημεν.
805 2425 837 2484 ld
859 2425 1000 2484 Matthiae
1022 2425 1225 2500 interpretatur
1246 2423 1378 2480 πιοιίονσ-

262 2512 316 2569 bur
345 2511 483 2570 ntorbnm.
532 2508 574 2568 At
605 2530 690 2588 quum
712 2507 912 2590 praecedentia
933 2507 968 2566 de
991 2506 1119 2564 omnibus
1142 2504 1217 2563 dicta
1239 2506 1296 2562 sint
1317 2525 1377 2564 mu·

262 2593 394 2665 lieribus,
435 2613 517 2652 nemo
548 2595 596 2672 qui
623 2591 693 2651 illud
721 2587 904 2674 προόστημεν
932 2587 1028 2662 καλῶς
1063 2586 1190 2662 audiret,
1223 2586 1258 2645 de
1288 2607 1319 2646 se
1349 2586 1377 2645 id

260 2675 491 2736 Andromacham
514 2676 610 2736 dicere
632 2674 772 2735 crederet.
817 2675 882 2733 Nee
905 2676 929 2732 si
948 2672 983 2731 de
1003 2692 1033 2731 se
1051 2671 1179 2743 dixisset,
1203 2672 1310 2730 inferre
1325 2691 1377 2750 po·

261 2763 316 2818 tuit
337 2756 397 2822 itt'
423 2755 487 2842 ἐγώ.
529 2759 714 2835 Lentingius‚
745 2759 793 2836 qui
816 2756 928 2836 quidem
950 2766 1028 2815 recte
1050 2755 1137 2814 verba
1160 2756 1214 2813 ista
1236 2752 1271 2812 ad
1293 2774 1376 2813 omne

261 2862 351 2921 genus
385 2842 529 2900 muliebre
559 2841 684 2911 rettulit,
724 2852 818 2898 tamen
848 2838 930 2898 valde
960 2859 985 2902 a,
1003 2857 1072 2897 vero
1102 2838 1259 2909 aberravit,
1292 2857 1377 2915 quum

260 2928 367 2984 aoristo
391 2925 548 3002 significari
565 2925 674 3002 putavit
688 2926 808 2982 soterem
825 2925 929 2982 decore
945 2924 999 2981 Ιιοο
1015 2922 1114 2980 morbo
1131 2921 1261 3000 defungi.
1292 2920 1376 2980 Hanc

260 3009 335 3066 enim
368 3008 510 3066 notionem
533 3027 589 3066 non
612 3007 695 3066 aliter
716 3006 822 3064 habere
844 3016 937 3084 potest
957 3005 1096 3075 aoristus,
1129 3024 1212 3083 quam
1234 3024 1318 3082 quum
1340 3023 1377 3063 ex

261 3091 379 3170 reliquis
407 3090 501 3149 verbis
529 3100 662 3169 apparet,
695 3109 781 3148 unum
813 3091 917 3148 lactum
945 3100 977 3147 ut
1005 3088 1164 3167 exemplum
1185 3107 1282 3146 eorum
1304 3107 1377 3167 quae

260 3176 373 3254 saepius
395 3175 465 3233 fiant
485 3174 711 3246 commemorari,
736 3185 768 3232 ut
788 3175 813 3231 si
835 3172 957 3243 dicatur,
982 3171 1011 3232 εί
1029 3194 1073 3243 τις
1091 3166 1176 3250 ἡμῶν
1196 3166 1303 3250 ταύτην
1323 3165 1377 3249 τὴν

258 3255 348 3320 νόσον
363 3257 479 3338 νοσοίη,
495 3253 678 3339 προόστημεν
693 3261 797 3330 καλῶς.
826 3257 936 3317 Vitium
955 3256 1092 3314 orationis
1106 3254 1256 3325 sentiebat,
1275 3253 1374 3325 credo,

257 3343 468 3402 Valckenarius
490 3341 564 3422 apud
581 3341 780 3419 Lentingium,
805 3341 853 3419 qui
875 3360 959 3398 unum
977 3358 1089 3398 versum
1106 3339 1261 3416 posthunc
1277 3336 1376 3396 deesse

257 3426 390 3504 putabatz
415 3445 582 3504 quamquam
597 3422 680 3503 ‘quod
701 3423 730 3481 id
752 3443 790 3482 ex
810 3424 927 3482 scholiis
948 3439 1085 3501 apparere
1108 3420 1190 3491 dixit,
1214 3441 1271 3478 non
1292 3420 1376 3480 video
1397 3429 1404 3444 ⁸

257 3507 410 3586 quidquam
432 3510 460 3565 in
484 3509 600 3566 scholiis
622 3509 777 3586 seriptum,
802 3505 876 3564 unde
898 3503 927 3562 id
949 3505 1053 3564 coniici
1075 3505 1175 3582 possit.
1220 3503 1309 3562 lmmo
1332 3506 1376 3562 ni-

256 3591 297 3649 hil
319 3590 396 3649 alind
418 3591 553 3649 librorum
576 3591 717 3669 scriptura
738 3600 793 3660 est,
818 3609 900 3667 quam
919 3589 1036 3646 mutatio
1056 3587 1092 3645 cb
1110 3588 1183 3645 male
1201 3588 1374 3646 intellectam

258 3675 380 3733 litteram
404 3675 490 3733 lacta.
542 3673 636 3746 Quum
658 3674 733 3732 enim
756 3673 892 3751 scriptum
914 3682 1009 3742 esset,
1041 3669 1116 3749 quod
1138 3669 1274 3741 debebat,
1306 3691 1375 3751 προ-

257 3763 374 3837 σιοῖρον
394 3761 504 3830 καλῶς,
526 3776 612 3834 supra
633 3756 725 3834 posito
747 3779 781 3835 η,
804 3775 838 3815 eo
861 3756 964 3834 aliquis
986 3775 1041 3812 non
1064 3752 1161 3812 videns
1182 3753 1376 3834 mpooeulqpev

257 3842 424 3920 significari,
449 3841 564 3918 scripsit
579 3835 751 3919 πρόστημεν,
774 3837 849 3917 qnod
865 3839 937 3897 alius
954 3836 1050 3897 addito
1067 3847 1218 3914 augmento
1235 3837 1372 3896 correxit.

257 3925 421 4004 Optativum
443 3935 537 3983 autern
554 3924 695 3981 sententia
711 3924 841 4001 requirit.
886 3921 954 3981 Non
971 3931 1065 4001 potest
1080 3922 1155 3978 enim
1170 3919 1374 3978 Andromacha

257 4010 303 4067 hic
333 4007 430 4068 dicere
452 4005 519 4087 quid
541 4006 652 4064 soleant
673 4007 769 4066 facere
791 4007 941 4065 mulieres:
971 4005 1123 4062 nonenim
1147 4023 1245 4062 omnes
1267 4014 1375 4082 tempe·

257 4103 352 4151 rantes
383 4102 464 4161 sunt,
493 4102 523 4149 et
552 4101 689 4161 nonest,
714 4091 826 4168 quicum
850 4090 993 4168 loquitur,
1026 4086 1202 4146 Hermiona:
1235 4085 1284 4146 sed
1307 4085 1373 4164 qnid

256 4174 408 4254 optandum
431 4175 468 4232 sit
489 4185 521 4231 ut
541 4174 663 4245 faciant,
687 4173 783 4232 dicere
805 4192 867 4232 eam
890 4180 1012 4254 oportet.

336 4273 410 4336 223.
464 4274 522 4347 Qui
544 4274 614 4332 haec
632 4285 731 4332 contra
746 4272 828 4332 iidem
849 4271 984 4330 historiae
1007 4269 1073 4326 licta
1096 4268 1240 4338 dixerunt,
1263 4268 1373 4325 Anaxi-

255 4358 341 4415 cratis
363 4357 392 4415 in
409 4358 448 4416 ll.
467 4356 668 4435 Argolicorum
692 4357 853 4415 testimonio
876 4354 1035 4412 refutantur
1056 4352 1091 4410 ab
1109 4353 1272 4411 scholiasta.

254 4456 410 4602 ἐὸί225.
454 4456 543 4516 Taur.
567 4457 663 4515 Guell.
682 4454 751 4515 Ald.
772 4455 835 4512 rell.
856 4447 975 4537 ἔνδρίην.
1020 4451 1103 4511 Lasc.
1129 4461 1158 4509 et
1180 4451 1286 4510 caeteri
1309 4449 1372 4506 libri

268 4564 285 4602 ν
304 4562 320 4602 ο
333 4563 378 4619 ην.
