3032 5132
178 593 343 691 1485τῇὃ’
375 592 626 692 ἐξέβησαν(
599 620 634 664 οι
628 587 701 664 δὲ
728 586 1022 682 ὃνςτυχέστατοι.

709 793 962 864 XOPOZ..

364 949 433 1021 οὐκ
458 952 509 1030 εἰς
534 943 649 1028 ἀκοὰς
674 944 725 1015 ἔτι
752 941 931 1040 δυςνυχία

363 1065 583 1169 δώματος’
559 1096 657 1166 opaea·
684 1066 785 1168 oripo
811 1067 884 1171 γὰρ
910 1062 1076 1146 λεύσσειν

323 1215 327 1223 ’
364 1194 546 1295 πτώματα
571 1202 716 1294 νεκρῶν
741 1201 905 1296 τρισσῶν
929 1191 1037 1292 ἤδη

363 1321 453 1398 soille
479 1321 569 1418 πρὸς
593 1317 797 1420 μελάθροις
821 1348 936 1418 κοινῳ
960 1314 1121 1414 θανάτῳ

130 1485 132 1490 ’
181 1455 264 1515 ’1490
418 1449 570 1524 σκοτίαν
596 1453 716 1529 αἰῶνα
743 1443 946 1582 λαχόντων.

660 1651 990 1724 ΑΝΤΙΙἫΟΝΗ

696 1797 873 1904 οτροφή
907 1796 953 1878 α’

368 1957 413 2031 οὐ
439 1953 770 2050 προκαλυπτομένα
795 1946 1058 2050 βοτρυχώδεος

353 2309 446 2371 1487.
474 2311 544 2369 Miro
570 2310 666 2414 iudioip
694 2310 830 2373 Porsouus
858 2329 891 2378 es
919 2314 997 2370 unius
1026 2305 1122 2366 codicis
1149 2320 1240 2396 prava
1256 2312 1390 2388 scriptura

268 2389 501 2542 παραῖἱλὲἒσεὶν
522 2395 597 2540 desilitl
613 2387 777 2539 radpop
719 2393 769 2452 eol
789 2385 935 2454 ledonem.

518 2489 544 2539 et
599 2501 629 2537 or
729 2470 871 2555 σώματα.

355 2563 447 2624 1491.
477 2566 608 2624 Carminis
643 2564 722 2623 huius
755 2570 877 2622 metricae
903 2565 1017 2619 rationes
1044 2559 1120 2618 valde
1148 2564 1295 2641 implicatae
1319 2571 1393 2620 suut.

188 2643 190 2648 ’
268 2651 372 2710 Mihi
364 2671 390 2708 rn
417 2651 503 2708 Elem
538 2651 619 2708 doctr.
650 2661 723 2708 metr.
749 2671 775 2726 ρ.
797 2645 870 2708 773.
889 2645 1162 2725 parornoeostrophum
1184 2648 1336 2717 videbatur,
1365 2650 1391 2702 in

267 2737 389 2813 Epitome
415 2747 500 2793 autem
528 2756 554 2812 p.
583 2732 655 2792 301.
682 2738 773 2810 partirn
805 2729 1076 2809 paromoeostrophunu
1104 2734 1196 2808 partim
1224 2691 1392 2810 antistrdphi·
1485 2758 1486 2766 ¹

271 2841 339 2879 curn.
383 2819 515 2876 Seidlerus
543 2828 630 2876 autem
662 2817 694 2875 de
720 2835 804 2874 verns.
832 2815 933 2873 doobm.
961 2835 989 2889 ρ.
1010 2811 1081 2872 335.
1111 2825 1193 2874 tntum
1220 2819 1248 2874 in
1271 2821 1394 2886 antistro·
1485 2845 1486 2850 ¹

270 2904 351 2982 phas,
378 2911 479 2980 praeter
505 2923 584 2962 unam
612 2901 722 2978 epodum
745 2908 771 2959 et
791 2903 868 2963 trium
889 2901 1025 2959 verborum
1047 2900 1172 2978 pseuduno
1193 2899 1331 2980 disponere
1354 2919 1394 2958 no·

272 2997 350 3047 natus
373 2996 422 3047 est
466 2986 548 3048 cutus
577 2985 712 3064 diligentia
740 2989 789 3044 etsi
815 2987 935 3062 pleraque
958 3001 1023 3062 quae
1045 2986 1096 3043 sibi
1116 2985 1272 3062 respondent
1291 2993 1395 3064 reperta

273 3081 343 3141 sunt,
363 3070 584 3147 tamenquaedam
605 3072 651 3132 ille
672 3071 810 3130 violentius
833 3073 949 3139 mutarit,
970 3069 1022 3128 alia
1042 3077 1127 3130 auteur
1150 3074 1218 3133 inter
1238 3090 1268 3128 se
1288 3091 1395 3148 respon·

274 3157 335 3216 dere
364 3157 459 3227 voluit,
486 3176 551 3234 quae
578 3166 675 3217 eertum
704 3155 805 3216 videtur
831 3145 935 3215 diversa
956 3173 1025 3213 esse.
1067 3153 1179 3224 Omnino
1201 3161 1334 3218 autemus
1356 3166 1396 3216 est

273 3251 300 3302 et
320 3240 469 3320 Antigonae
491 3248 517 3300 et
538 3241 631 3320 Oedipi
652 3245 733 3302 anirui
755 3249 855 3340 status,
883 3242 927 3316 qui
954 3241 1049 3296 iustam
1077 3243 1203 3300 rationem
1230 3240 1395 3318 antistroplrl

275 3346 333 3386 mm
354 3347 406 3384 non
428 3326 560 3395 admittat,
587 3327 649 3394 sed,
676 3331 752 3395 etiam
775 3328 799 3381 si
820 3325 941 3402 pleraque
961 3326 1029 3384 inter
1050 3341 1078 3381 se
1099 3324 1287 3402 respondeant,
1307 3334 1394 3394 tamen

275 3415 352 3469 etiam
374 3411 587 3486 responsionibus
607 3411 702 3466 liberae
724 3407 845 3484 strophae
866 3407 975 3466 debeant
995 3411 1126 3466 immixtae
1143 3429 1211 3480 esse,
1230 3413 1394 3486 ipsarumque

273 3499 342 3553 inter
363 3512 393 3550 se
414 3491 622 3568 respondentium
650 3491 813 3568 stropharum
840 3491 944 3568 quidam
970 3492 1074 3555 liberius
1100 3512 1183 3552 uenus
1209 3495 1396 3560 animadverta-

276 3589 328 3637 tur.
371 3576 410 3634 Ilt
439 3583 574 3652 appareat,
601 3596 653 3654 qna
679 3579 778 3636 ratione
799 3579 865 3636 intes
886 3595 915 3632 se
937 3579 1058 3654 copulata
1083 3580 1138 3634 siut
1163 3580 1349 3657 antistropbiea
1370 3585 1395 3636 et

277 3665 357 3728 eain
379 3663 471 3740 quibus
498 3661 571 3720 nulla
597 3668 637 3718 est
657 3663 805 3738 responsio,
833 3664 948 3721 numeris
969 3663 1078 3720 Graecis
1098 3663 1290 3740 antistropbioa,
1312 3673 1396 3728 setena
1485 3688 1486 3728 t

235 3777 236 3785 κ
278 3755 364 3806 auteur
391 3747 486 3804 litteris
511 3747 654 3810 initialibus
674 3745 801 3807 iudicabo.
839 3747 922 3823 Igitur
943 3749 1065 3804 oarrninis
1087 3751 1238 3825 compositio
1259 3749 1322 3808 baec
1342 3756 1395 3814 est·
1485 3731 1486 3742 ἵ

278 3825 1178 3908 αββΑγγδΒεαΓςδςζηζθθηΛ
1198 3852 1302 3892 amsa
1324 3833 1395 3896 Haeo

280 3923 400 3974 constant
420 3935 454 3974 ex
475 3913 575 3974 duobus
596 3919 760 3988 systematis,
786 3933 893 3990 quorum
915 3932 994 3973 unum
1022 3912 1072 3971 hoo
1098 3923 1152 3974 est:
1185 3938 1214 3981 α.
1241 3918 1272 3991 β.
1298 3919 1331 3992 β.
1352 3914 1394 3980 Α
1485 3935 1486 3995 ρ

280 4020 308 4080 y.
328 4018 356 4078 y.
377 3997 416 4058 Β.
438 3997 475 4058 Γ.
496 3995 538 4060 Δ.
560 4021 581 4060 ι.
603 4022 623 4062 ι.
645 4021 675 4060 α.
696 4001 754 4069 vel,
776 4001 799 4054 si
820 4017 871 4056 nou
893 3997 1075 4074 respondentia
1095 4003 1203 4072 eximas,
1224 4023 1256 4060 α.
1273 4003 1307 4078 β.
1327 4003 1394 4077 Μ

279 4104 308 4162 γ.
329 4105 350 4141 ι.
372 4105 393 4141 ι.
415 4103 446 4142 α.
469 4083 539 4142 Huic
559 4089 693 4157 systemati
714 4089 811 4140 inserta
830 4089 892 4138 sunt
913 4080 963 4138 duo
985 4084 1045 4152 alia,
1065 4090 1183 4161 opposita
1204 4090 1270 4144 iuter
1290 4106 1331 4158 se,
1350 4081 1394 4152 sad
1485 4075 1486 4092 ¹

270 4167 371 4232 ¹eadem
382 4168 440 4248 lege
451 4168 534 4228 faeta.
554 4167 583 4228 δ.
593 4189 615 4228 ε.
630 4189 652 4226 s.
664 4185 690 4238 ς.
707 4163 734 4224 d.
752 4183 778 4236 ς.
845 4163 868 4243 ζ
879 4186 908 4242 η.
927 4164 997 4240 W·
1008 4168 1043 4224 θ.
1054 4188 1083 4246 p.
1107 4169 1251 4232 Observata
1261 4181 1303 4235 est
1319 4175 1392 4229 etiam
1485 4165 1486 4183 ¹

281 4271 448 4330 personarum
470 4257 498 4310 in
519 4253 562 4311 his
584 4250 684 4308 duobus
705 4253 854 4322 systematis
872 4270 920 4327 par
939 4255 1083 4328 responsio,
1105 4257 1156 4310 nisi
1178 4255 1246 4331 quod
1267 4254 1393 4330 stropham
1485 4312 1486 4340 p

283 4333 302 4410 ζ
321 4341 423 4396 eteius
444 4335 628 4412 antistropham
651 4333 791 4414 Antigona,
812 4335 944 4412 stropham
966 4344 1081 4405 §autern
1103 4339 1202 4406 eadem,
1223 4339 1270 4399 sed
1281 4343 1395 4398 antistro-
1485 4345 1486 4369 t

283 4419 360 4499 pham
383 4437 401 4490 ς
423 4420 539 4496 Oedipus
557 4423 635 4478 eanit.
669 4421 701 4478 ln
716 4423 909 4480 maioreauteur
924 4421 968 4478 illo
980 4428 1127 4493 systemate,
1149 4422 1355 4499 quodbaesduo
1368 4424 1393 4476 in

283 4525 313 4563 se
346 4505 536 4580 complectitur,
571 4507 658 4561 omnir
681 4502 827 4580 Antigonae
848 4510 912 4566 sunt
929 4512 1032 4581 praeter
1050 4506 1182 4584 stropham
1205 4505 1252 4578 A,
1272 4525 1336 4585 ρων
1356 4510 1396 4564 stt

259 456 422 544 adlsrd'
454 469 595 578 ἀγῶνες
616 466 651 541 οἳ
675 460 747 558 μὲν
772 461 1028 556 εὖτοχεστατοι
1091 573 1094 582 Ι
1158 473 1159 476 ’
