2994 5128
797 307 862 356 XIV

269 473 357 571 quod
375 469 517 546 Orestes
543 451 713 546 timiditati
738 469 835 544 istius
862 469 948 542 serui
975 467 1114 544 insultat
1139 493 1278 570 eumque
1304 473 1421 546 ludi-

269 600 362 692 lioat,
389 599 453 670 iarn
480 609 623 692 veteres
637 598 836 694 interpretes
870 621 932 670 neo
956 597 1161 694 tragoediam
1195 599 1318 673 decere
1353 603 1418 672 vi-

269 729 401 819 derunt,
420 735 463 798 'et
489 749 587 822 quum
615 747 634 795 a
660 724 822 822 dignitate
847 722 995 816 Orestis,
1030 733 1098 796 turn
1127 727 1168 798 ab
1195 728 1305 799 anirno
1335 725 1414 802 iro-

268 854 365 925 minis
393 851 433 924 de
459 875 520 956 sua
545 851 736 947 sororisque
764 851 830 924 rita
857 850 1033 924 metuentis
1059 852 1203 926 alienum
1228 875 1320 926 csse.
1359 853 1408 928 In

269 977 393 1052 Oreste
418 979 523 1075 igitur
548 978 702 1074 migrauit
719 976 900 1074 Euripides
925 978 1033 1071 legem
1061 977 1267 1078 tragoediae,
1294 979 1403 1053 iecit·

269 1129 332 1203 que
359 1105 446 1202 quod
479 1104 570 1203 plebi
603 1103 766 1196 fortasse,
801 1127 867 1177 non
900 1085 1137 1180 eruditioribus
1169 1114 1407 1205 spectatorum

268 1233 430 1331 placeret.
1048 1324 1050 1328 Ι

370 1359 425 1431 De
452 1359 597 1432 rnorilnus
623 1381 839 1456 personarum
869 1383 935 1430 nou
961 1367 1052 1432 reete
1078 1357 1164 1430 rnili.
1183 1358 1317 1434 uidetur
1343 1362 1408 1433 iu-

269 1479 571 1584 dicaese'soriptor
597 1467 794 1584 argumenti,
829 1509 927 1582 quum
953 1485 1023 1556 illis
1049 1509 1133 1582 quae
1159 1487 1257 1558 attuli
1284 1488 1407 1561 verbis

232 1632 235 1638 “
268 1615 352 1687 haee
377 1612 517 1686 adiecit=
541 1604 729 1711 χείριστον
754 1609 796 1686 δὲ
821 1613 898 1694 τοῖς
922 1612 1052 1708 ἤθεσι·
1087 1609 1181 1709 πλὴν
1205 1610 1279 1714 γὰρ
1307 1617 1404 1689 Πυ-

269 1737 387 1814 λάθον
420 1733 572 1822 nancto
598 1745 737 1836 φαῦλοι
775 1731 884 1835 ἦσαν.
953 1737 1038 1811 Nam
1078 1737 1219 1835 Pylades
1258 1740 1405 1835 quidem

191 1897 196 1901 ·
270 1863 465 1966 quamquam
491 1889 528 1938 se
553 1873 589 1938 et
613 1864 713 1938 tiduru
740 1865 879 1938 amioum
906 1866 1054 1963 praebet,
1089 1889 1152 1940 nee
1184 1863 1282 1938 vuldo·
1302 1867 1413 1951 situ--

269 1993 436 2092 parandus
462 2001 516 2064 cst
542 1992 628 2088 quud
656 2015 688 2064 v.
718 1993 829 2067 1090.
859 1992 958 2065 dicit:

371 2116 448 2192 ἐπεὶ
473 2115 515 2192 dd
540 2115 845 2214 κατθανούμεθ’,
878 2119 915 2200 ἒς
939 2115 1086 2200 κοινοὺς
1111 2117 1243 2220 λόγους

237 2279 238 2282 “
372 2245 558 2339 ἔλθωμεν,
586 2243 637 2328 ὡς
662 2241 711 2319 dr
738 2242 934 2328 Μενέλεως
964 2243 1214 2342 ξυνδυςτυχῇ·

271 2381 394 2464 tanuen,
421 2395 519 2468 quurn
546 2371 709 2444 Helenam
735 2372 879 2446 interdici
906 2373 1036 2464 suadet,
1064 2373 1147 2444 nihil
1173 2373 1239 2445 nisi
1264 2375 1398 2448 inanem

273 2499 449 2574 vindictam
483 2507 632 2597 usurpat,
669 2499 756 2596 quod
790 2508 842 2572 est
876 2497 1016 2572 londuis
1042 2498 1184 2572 animum
1211 2523 1306 2573 suurn
1330 2525 1397 2597 po-

270 2626 336 2698 tius
371 2627 509 2722 explere
542 2627 727 2722 cupientis,
768 2647 863 2722 quarn
896 2627 1045 2698 inuenire
1077 2625 1215 2699 scientis
1248 2628 1395 2699 salutare

146 2752 148 2756 ’
270 2753 460 2825 eonsilium.
511 2750 567 2824 Ita
591 2752 651 2824 ille
688 2775 753 2824 non
779 2751 948 2825 meliorent
975 2777 1012 2824 se
1039 2777 1113 2826 esse
1139 2752 1252 2850 prodit
1277 2755 1393 2850 quouis

272 2880 323 2951 rel
349 2877 563 2974 ignavissimo
591 2876 736 2948 homine.
769 2876 823 2950 Ao
849 2877 978 2948 videtur
1002 2877 1036 2949 id
1063 2879 1136 2977 ipse
1163 2877 1299 2952 sentire.
1332 2878 1393 2952 Id·

270 3027 310 3077 eo
337 3003 561 3076 honestiorem
586 3025 736 3076 caussam
763 3005 943 3102 praeterit,
971 2979 1069 3101 quum
1096 3029 1116 3077 a
1142 3029 1174 3078 r.
1194 3009 1305 3081 1123.
1331 3029 1391 3104 pro

269 3132 425 3206 universa
458 3128 604 3204 Graecia
636 3155 709 3204 earn
746 3132 923 3206 uindictam
957 3131 1146 3204 sumendam
1180 3131 1291 3206 docet.
1349 3131 1390 3204 Iu

270 3256 406 3332 Orestis
434 3256 580 3331 rnouibus
605 3282 672 3332 uon
698 3259 794 3333 video
828 3258 907 3356 quid
940 3258 1189 3356 ,vituperandum
1226 3259 1271 3332 sit
1295 3283 1390 3356 prae-

271 3394 324 3456 ter
348 3385 404 3475 id,
440 3385 482 3455 de
508 3409 573 3479 quo
600 3385 822 3478 dictumest,
858 3385 945 3482 quod
971 3385 1137 3483 Phrygem
1171 3386 1269 3459 ludos
1301 3379 1387 3459 lacit.

270 3507 389 3605 Neque
414 3509 449 3580 iu
475 3507 616 3582 Electra
641 3519 693 3584 est
718 3511 805 3607 quod
833 3511 906 3608 quis
934 3511 1008 3584 iure
1035 3513 1274 3610 reprehendat,
1307 3535 1384 3607 quac

272 3661 337 3710 nou
366 3633 461 3709 ruodo
488 3659 644 3709 sunrnarn
671 3639 705 3710 in
732 3638 835 3709 tratre
862 3639 1008 3712 curando
1034 3621 1239 3735 diligentiam
1266 3639 1386 3712 sollici-

271 3776 405 3861 tumque
431 3787 575 3836 amorem
602 3764 774 3857 ostendet,
808 3765 868 3838 sed
893 3766 1012 3859 etiarn,
1038 3767 1095 3837 ubi
1120 3789 1226 3863 neque
1252 3761 1386 3838 Orestes

271 3915 334 3964 nee
354 3890 499 3987 Pylades
525 3891 603 3987 qnid
629 3891 792 3988 agendum
820 3893 864 3966 sit
889 3894 1038 3990 reperire
1064 3900 1216 3990 possunt,
1243 3891 1323 3963 utile
1347 3892 1386 3964 iia

272 4018 447 4090 consiliurn
472 4025 644 4114 suggerat.
696 4016 773 4091 Non
808 4027 860 4092 est
892 4026 1002 4093 tannen
1034 4028 1126 4092 tanta
1162 4021 1196 4092 in
1220 4019 1287 4091 isto
1312 4043 1387 4091 con·

272 4143 350 4216 silio
375 4144 564 4241 prudentia,
601 4151 638 4216 ut
663 4141 746 4216 felix
773 4143 1013 4242 praedicandus
1040 4146 1141 4219 luerit
1160 4144 1304 4241 Pylades
1325 4153 1385 4216 tarn

273 4269 435 4367 sapientis
470 4271 612 4344 tennes
637 4272 806 4370 coniugio,
840 4271 959 4345 infelix
995 4281 1108 4346 autem*
1129 4271 1316 4364 habendus,
1358 4271 1386 4344 si

276 4419 316 4468 ea
348 4398 526 4470 carendum
560 4399 624 4470 sita
663 4399 763 4472 irnrno
803 4399 903 4472 halet
933 4400 1000 4473 ista
1032 4397 1237 4496 praedicatio
1271 4397 1384 4494 aliquid

273 4513 450 4597 'sentuoso
517 4523 726 4618 Menelaum,
746 4547 828 4600 uero
868 4533 959 4600 reete
1002 4523 1083 4600 iecit
1117 4521 1298 4624 Euripides
1325 4545 1384 4596 nou
