3026 5134
597 323 749 417 ἰι

607 543 835 616 ΧΟΡΟΣ.

160 686 224 764 καὶ
248 687 325 786 μὴν
343 687 529 786 Ἐτεοκλῆς
553 693 603 773 εἰς
628 689 831 793 διαλλαγὰς
857 690 919 766 ὅδε
952 699 955 706 “

55 884 63 898 ,
157 818 289 912 χωρεῖ·
317 811 386 889 σὸν
410 817 520 916 ἔργον
525 871 538 906 ,
564 823 679 913 μῆτερ
699 813 887 914 Ἰοκάστη,
914 817 1033 921 λέγειν
1280 828 1343 890 445

160 937 324 1024 τοιοόςδε
348 937 501 1038 μύθους
525 939 580 1025 οἷς
605 939 808 1027 διαλλάξεις
832 941 954 1019 τέκνα.

541 1145 784 1222 ΕΤΕΟΚΛ
790 1151 836 1220 Η
839 1152 888 1220 Σ.

159 1301 292 1391 μῆτερ,
318 1287 485 1391 πάρειμι·
515 1292 580 1391 τὴν
601 1291 715 1396 χάριν
740 1294 781 1371 δὲ
808 1296 868 1372 σοὶ
893 1296 1022 1382 διδοὺ,Ι

159 1414 291 1516 ἦλθον.
317 1416 354 1493 τί
374 1418 447 1519 χρὴ
471 1418 591 1520 δρᾶν,·
617 1422 759 1521 ἀρχέτω
785 1421 831 1498 δέ
851 1453 906 1507 τις
932 1421 1062 1526 λόχου·

160 1543 211 1628 ὥς
235 1544 335 1644 ἀμφὶ
359 1544 459 1642 τείχη
483 1546 547 1620 καὶ
572 1546 781 1647 ξυνωρίδας
806 1555 935 1624 πολιόν

158 1665 310 1747 τάσσων
332 1672 488 1780 ἐπέσχον
513 1671 640 1763 πόλιν,
668 1674 766 1757 ὅπως
790 1671 940 1772 κλύοιμί
965 1698 1034 1750 σου
1276 1691 1341 1752 450

157 1796 284 1880 κοινὰς
306 1789 507 1899 βραβείας,
534 1799 594 1886 αἶς
618 1797 858 1876 ὑπόσπονδον
884 1806 1013 1898 μολεῖν

157 1919 262 1998 τόνδ’
291 1925 452 2011 ελςεδέξω
476 1927 627 2025 τειχέων
651 1924 808 2004 πείσασά
835 1956 893 2024 με.

563 2085 860 2206 coronzano

158 2277 316 2374 ἐπίσχες·
343 2245 446 2353 οὕτω
470 2278 514 2354 τὸ
538 2278 636 2376 ταχὺ
659 2279 730 2378 τὴν
754 2279 862 2377 δίκην
888 2279 979 2375 έχει·

155 2395 377 2503 βραδεῖςδέ
402 2409 524 2502 μῦθοι
548 2411 721 2481 πλεῖστον
746 2403 951 2482 ἀνύτουσιν
976 2401 1111 2503 σοφόν.

156 2527 298 2625 σχάσον
324 2529 365 2605 δὲ
391 2531 517 2610 δεινὸν
542 2533 646 2628 ὄμμα
671 2532 732 2608 καὶ
758 2535 891 2630 θυμοῦ
917 2528 1049 2614 πνοάς·
1272 2547 1337 2608 455

156 2656 202 2731 οὐ
226 2656 300 2759 γάρ
325 2655 368 2731 τὸ
395 2655 647 2758 λαιμότμητον
672 2664 812 2760 ελςορᾷς
836 2655 934 2758 κάρα

153 2897 405 2908 ...οη-...η

146 3065 148 3072 ’
239 3049 312 3110 443.
333 3053 405 3112 Flor.
428 3049 479 3110 33.
504 3053 527 3109 l.
555 3044 629 3130 ἥκει.
662 3052 693 3110 ld
714 3057 741 3111 in
764 3053 841 3109 Cant.
868 3060 893 3108 et
914 3053 982 3111 Veu.
1004 3072 1030 3112 a.
1053 3060 1081 3110 ut
1113 3053 1164 3109 alia
1195 3052 1273 3109 lectio

30 3129 34 3134 ’
153 3137 312 3200 adnotatum

237 3219 310 3280 448.
331 3222 392 3279 Par.
414 3216 449 3278 A.
470 3219 552 3277 Taur.
573 3209 762 3276 Brunckins’
744 3213 862 3322 αρχέτω
884 3209 923 3293 δή
944 3237 990 3286 τις
1011 3209 1112 3321 λόχου.

239 3303 312 3364 449.
339 3305 429 3363 Libri.
463 3295 504 3376 ὡς
532 3299 612 3384 ἀμφὶ
639 3299 721 3380 τείχη
750 3300 801 3361 καὶ
829 3299 996 3381 ξυνωριδιις
1022 3297 1120 3378 λόχων
1150 3293 1272 3362 τάσσων

153 3385 280 3466 ἐπέσχον
302 3383 398 3450 πόλιν.
441 3389 614 3448 Haesitarunt
640 3323 721 3446 hiem
708 3395 733 3446 et
766 3397 864 3444 veteres
887 3396 912 3444 et
932 3392 1088 3445 recentiores
1093 3391 1271 3467 interpretes.

153 3473 281 3532 Matthiae
303 3496 348 3534 cur
369 3483 446 3553 neget
467 3494 496 3532 se
515 3494 594 3577 nosse
616 3478 738 3574 accipere
754 3463 876 3532 τάσσων
898 3465 986 3531 πόλιν
1005 3494 1052 3552 pro
1073 3467 1196 3532 τάσσων
1218 3494 1271 3533 πο·

154 3556 257 3630 λίποις,
279 3580 330 3618 non
351 3563 487 3660 perspicio.
526 3552 678 3634 Ἔπέσχον
699 3550 821 3617 τάσσων
842 3559 977 3616 Porsonus
1000 3567 1067 3615 recte
1089 3561 1271 3660 interpretatus

153 3653 194 3701 est
214 3637 336 3703 τάσσων
357 3636 522 3746 ἐπαυόμην.
566 3643 618 3700 Sed
645 3644 761 3701 relictum
789 3651 830 3701 est
849 3663 927 3721 gnare
949 3647 1088 3701 vitiumrn
1110 3648 1271 3722 praegressis

153 3729 250 3795 verbis,
272 3731 298 3784 in
320 3731 413 3804 quibus
435 3726 485 3784 καὶ
508 3725 666 3808 παρέλκειν
687 3726 772 3784 dicere
794 3739 898 3784 coactus
920 3737 974 3785 erat
996 3727 1158 3784 scholiastes.
1204 3727 1270 3790 (luis

153 3830 194 3865 res
217 3810 419 3881 dissimillimas,
451 3815 552 3871 moenia
574 3820 601 3868 ct
621 3829 712 3869 currus
735 3811 893 3887 coniungatl
926 3811 961 3866 Et
982 3829 1101 3866 crrrruuru
1125 3814 1183 3884 quis
1205 3829 1270 3868 usus

154 3896 311 3950 inobsessa
339 3898 414 3964 urhe,
451 3899 503 3950 uisi
524 3899 604 3963 forte,
642 3898 665 3950 si
688 3913 729 3950 res
751 3895 830 3960 forat,
871 3891 905 3948 ad
926 3896 1084 3967 eruptionem
1107 3893 1272 3951 faciendam?

155 3974 288 4034 Vitiarunt
318 3977 387 4033 hunc
416 3979 500 4034 locuni
527 3981 639 4054 imperiti
672 3976 864 4047 emendatores,
905 3978 946 4048 qui
980 3968 1078 4049 λόχων
1104 3983 1270 4052 scripserunt,

153 4057 222 4134 qued
249 4077 300 4114 nen
321 4057 493 4135 intelligerent
518 4065 631 4137 positum
657 4078 673 4114 a
699 4067 777 4134 poeta
807 4055 973 4132 ξυνωρίδας
1000 4059 1111 4116 πυλῶν.
1156 4059 1270 4123 Quaeris

155 4146 214 4202 hina
239 4145 376 4220 coniugata
401 4142 533 4218 συνωρὶς
561 4152 701 4200 vocantur:
732 4145 820 4216 itaque
846 4142 935 4199 valvae
964 4151 1094 4219 portarunt
1122 4146 1163 4202 rel
1191 4149 1267 4204 etiarn

153 4230 268 4286 claustra
289 4229 320 4284 ah
330 4223 454 4300 Euripide
475 4225 544 4284 dicta
565 4235 626 4284 sunt
647 4222 806 4302 ξνηωρέδις
827 4225 938 4284 πυλῶν.
967 4226 1028 4286 Hoc
1043 4232 1132 4304 itaqrre
1153 4233 1267 4305 reposui.

151 4314 200 4374 De
219 4311 331 4368 vinculis
351 4306 498 4381 Aeschylus
525 4310 639 4385 Choeph.
661 4305 734 4371 982.
761 4305 856 4380 πέδας
882 4330 913 4369 τε
930 4314 1045 4391 χειροῖν
1078 4311 1129 4371 κοιλ
1159 4310 1267 4374 ποδοῖν

151 4396 249 4476 ξυνωρ
252 4393 312 4454 tto.

232 4415 307 4542 453
328 4477 390 4538 Aid.
411 4487 437 4537 et
457 4478 555 4581 aliquot
575 4477 645 4541 Mss.
667 4495 749 4549 ουτι,
777 4477 851 4534 multi
872 4486 897 4536 et
917 4482 1006 4556 optimi
1029 4499 1123 4542 ουτοι.

235 4551 918 4639 454145ιίἀνόουοι,Ροιιοιιιιιιᾶνόισνυιν.
