2944 5128
835 327 887 402 80

398 523 461 608 νὸς
487 525 506 564 0
534 519 671 620 *dide
705 522 951 608 Τανταλίδαις

398 646 616 748 οἰκτρότατα
642 646 860 747 θοινάματα
885 649 949 724 καὶ

398 772 542 878 σφάγια
567 773 753 878 γενναίων
777 757 928 852 τικόυν·

397 901 490 978 ὅθεν
515 898 623 1000 φόνῳ
650 898 767 1001 φόνος
790 900 933 999 ἐξαμεί-

395 1031 481 1134 βυιν
506 1025 556 1104 δι’
587 1028 743 1123 αἵματος
769 1028 814 1104 οὐ
839 1026 984 1127 προλεί-

396 1183 454 1230 πει
479 1151 663 1232 δισσοῖσιν
681 1151 894 1255 Ἀτρείδαις.

670 1345 963 1447 ἀντιστροφὴ
996 1343 1042 1421 α’.

399 1521 442 1598 τὸ
461 1522 582 1620 1καλὸν
607 1523 653 1599 οὐ
675 1520 804 1612 καλόν,
828 1522 967 1599 τοκέων

397 1655 586 1754 πυριγενεῖ
608 1649 755 1748 τέμνειν
782 1645 936 1758 ιιαλάμρ

297 2033 478 2144 οἰκτρότατα
501 2034 678 2118 θοινάματα
706 2039 757 2102 καὶ
779 2032 898 2120 σφάγια
918 2036 1060 2142 γενναίων
1081 2034 1199 2100 τεκίιον.
1245 2039 1325 2100 Nihil
1346 2037 1405 2092 varin

297 2137 345 2197 tur,
367 2129 418 2186 nisi
421 2125 508 2230 quod
530 2129 604 2184 metri
625 2131 787 2204 ignoratione
807 2125 981 2185 Triclinius
974 2147 1001 2183 m
1021 2125 1058 2183 K
1076 2125 1134 2205 τῆς
1152 2121 1295 2202 χρυσέας
1316 2130 1340 2180 et
1359 2117 1403 2178 οἷκ-

295 2203 431 2312 τρότατό
451 2229 504 2285 τι,
537 2212 674 2270 Porsonus
695 2221 779 2270 autem
800 2209 953 2289 χρυσείας
973 2213 1092 2285 scripsit,
1111 2212 1248 2286 quodque
1279 2209 1351 2267 Flor.
1371 2199 1404 2260 10

296 2290 389 2375 άρνὸς
409 2289 480 2376 ἴρις,
502 2304 528 2356 et
549 2296 633 2355 Taur.
656 2292 870 2358 Tuvrctr'dmor
902 2295 975 2354 uror.
999 2294 1049 2354 17.
1073 2293 1319 2354 Τανταλίδαισιν
1338 2289 1401 2346 babet.

295 2380 334 2438 m
355 2401 407 2439 non
429 2381 504 2439 modo
526 2379 592 2438 durs
613 2389 653 2439 cst
674 2375 747 2438 ad''
729 2401 791 2458 ερις
813 2381 939 2458 appositio
961 2373 1140 2454 θοινάματα
1162 2385 1187 2436 et
1205 2371 1336 2460 σφάγια
1347 2377 1402 2430 inter·

205 2497 207 2500 v
295 2469 381 2543 posito
406 2461 629 2537 Τανταλίδαις,
661 2464 799 2524 sedetiam
819 2465 864 2524 bic
884 2483 976 2525 versus
998 2464 1153 2536 dactylicus,
1174 2457 1278 2541 ἤλυθε
1302 2461 1402 2519 Tana

296 2547 406 2622 λίδαις,
428 2551 512 2609 alieno
535 2570 642 2608 nurnero
663 2555 859 2628 perpetuitatem
875 2553 960 2608 turbat
981 2551 1082 2607 nunreri
1104 2551 1241 2620 Glyconei,
1264 2565 1363 2645 quem
1357 2546 1401 2598 butt

296 2655 395 2738 grum
394 2644 498 2693 servant
524 2654 589 2710 quae
616 2638 676 2692 istis
701 2639 824 2694 verbis'
817 2655 844 2693 ιιι
871 2632 1031 2711 antistrophe
1057 2638 1176 2710 opposita
1197 2643 1264 2692 sunt
1285 2617 1401 2690 uestro

295 2715 355 2820 γάρ
377 2713 459 2820 άμφὶ
481 2712 581 2801 φόβῳ.
625 2719 754 2797 Displicet
773 2739 850 2790 nunc,
871 2719 967 2822 quod
959 2738 987 2778 m
997 2718 1081 2777 Elem
1103 2717 1184 2776 doctr.
1205 2726 1285 2776 metr.
1307 2737 1331 2793 p.
1348 2703 1400 2770 000

297 2809 409 2874 conieci,
435 2795 526 2863 οτιότε
544 2798 717 2883 χρυσίας”
699 2825 760 2882 epe<
787 2799 878 2904 ἀρνός
905 2795 981 2906 ὕπερ
1008 2791 1086 2906 pitis
1110 2801 1337 2870 Τανταλίδαις,
1365 2809 1400 2851 uvi

297 2890 381 2946 solum
404 2888 472 2963 quod
494 2889 520 2946 id
541 2886 681 2964 Euripides
699 2883 833 2968 χρυσίοις
853 2879 970 2966 ὕπατ’
952 2881 1046 2966 αρνὸς
1066 2881 1129 2968 ἔρις
1150 2891 1266 2946 scribere
1280 2882 1399 2948 munisset

296 2971 344 3030 sed
365 2977 443 3030 etiam
465 2971 534 3047 quod
554 2971 710 3030 scholiastes
736 2973 868 3076 nullapn'
861 2992 887 3030 ιιι
915 2991 964 3029 suo
992 2973 1080 3032 codice
1101 2977 1336 3070 praepositionem
1339 2967 1399 3023 trisse

132 3042 134 3048 ί
221 3051 223 3056 ’
295 3056 407 3115 indicat:
418 3048 500 3157 ἴρις
525 3055 581 3132 τῆς
607 3057 727 3160 χρυσῆς
746 3051 857 3164 ἀρνός,
893 3048 986 3134 ἤγουν
1008 3049 1083 3161 ὖπὲρ
1107 3058 1160 3134 τῆς
1178 3057 1299 3136 χρυσῆς
1318 3037 1397 3154 dpm't·

297 3135 360 3221 ξ’ρις
384 3132 444 3220 γάρ
472 3160 553 3212 τινος
581 3136 698 3245 λέγεται
724 3140 775 3201 καὶ
776 3134 839 3246 ἣν
866 3137 954 3218 ίρίζει
982 3136 1076 3212 αὐτὸς
1097 3135 1174 3222 πρός
1194 3161 1280 3214 τινα,
1312 3132 1358 3198 καλ
1375 3121 1398 3204 00

295 3222 381 3304 ἐρίζει
403 3246 449 3298 τις
470 3220 547 3304 πρὸς
567 3218 676 3296 αὐτόν
701 3219 792 3288 nost*
773 3248 811 3306 ην
819 3223 981 3330 ἐρίζουσιν
1001 3222 1096 3306 ἕτερον
1117 3223 1192 3328 arpi
1207 3221 1318 3286 αὐτοῦ.
1355 3211 1398 3311 N¹⁵‚'

296 3313 365 3369 forte
386 3311 452 3368 haec
473 3310 589 3371 defensio
612 3303 1022 3390 compunctionibus
1048 3314 1072 3368 si
1097 3331 1150 3370 non
1176 3304 1253 3392 dorp
1282 3308 1321 3366 vel
1341 3287 1395 3362 {bor

297 3395 400 3466 excidit,
422 3399 550 3472 suspicari
565 3395 714 3456 debebimus
736 3407 780 3456 aut
794 3417 841 3499 pro
862 3391 960 3474 ἤλυθε
981 3395 1053 3456 atiud
1075 3397 1179 3455 verbum
1201 3401 1315 3474 positum
1327 3390 1397 3447 fuisso

297 3477 374 3556 idque
395 3481 509 3536 fortasse
530 3485 655 3553 activum,
677 3484 753 3558 quale
773 3473 933 3559 ἐπόρευσε,
955 3476 1111 3558 ἔτιίκρανε,
1133 3489 1191 3550 out,
1213 3485 1332 3584 quonism
1351 3463 1396 3528 000

298 3573 339 3621 est
360 3583 406 3621 cur
426 3550 504 3642 ηλθε
526 3585 576 3623 ιιοιι
599 3571 740 3643 genuinum
761 3573 890 3642 putemus,
912 3565 1040 3624 excidisse
1062 3565 1128 3623 duas
1156 3577 1216 3624 onte
1245 3553 1391 3644 ἦλθεν0
1341 3551 1396 3627 ryall·

298 3651 353 3722 bas,
373 3663 488 3726 quarum
502 3653 572 3725 prior
593 3670 609 3707 a
629 3650 712 3707 vocali
734 3653 867 3726 inceperit.
909 3651 951 3708 Ac
972 3658 1035 3707 sabe
1056 3651 1139 3707 lenior
1156 3655 1308 3754 appositio
1309 3646 1358 3710 erit,
1380 3649 1394 3686 ⁵¹

297 3733 347 3791 boc
367 3735 423 3791 fere
445 3734 520 3792 modo
541 3733 607 3792 baec
627 3739 724 3809 scripta
744 3735 862 3792 fuerunt:
891 3725 981 3794 ὁπότε
1000 3727 1173 3814 χρυσίοις’
1155 3755 1217 3814 ιρις
1237 3725 1386 3814 άρνίιςο
1346 3709 1393 3783 000

296 3804 376 3895 ἦλθε
394 3815 601 3922 Τυνδαρίδαις
621 3809 803 3920 ολκτρότατα
824 3808 1014 3895 θοινάματα.
1056 3819 1092 3878 Ut
1121 3824 1146 3877 iri
1175 3837 1203 3877 re
1231 3819 1318 3886 dubie,
1346 3805 1395 3865 ratis

298 3901 362 3961 duxi
383 3909 502 3961 restituto
523 3889 601 3980 ἦλθε
628 3905 794 3962 omissionem
816 3907 951 3962 asteriscis
971 3903 1094 3963 indicare.
1138 3903 1257 3962 Ceterum
1287 3900 1327 4002 spui
1350 3896 1394 3949 00

298 3990 355 4066 gris
381 3991 487 4046 vocibus
514 3987 585 4044 finiri
606 4004 698 4044 versus
719 3989 823 4058 volunt,
859 3991 1022 4046 meminerint
1041 3989 1134 4055 velim,
1168 4007 1234 4064 quos
1254 3989 1305 4064 ipsi
1324 3985 1394 4038 versut

298 4079 392 4130 vocant
419 4072 531 4130 membra
558 4089 618 4127 esse
637 4075 716 4129 unius
736 4091 843 4143 versus,
877 4077 926 4149 qui
949 4077 972 4129 si
1001 4091 1034 4130 ex
1060 4074 1151 4131 multis
1178 4071 1293 4130 eiusdem
1313 4069 1392 4146 500ῐο

299 4159 421 4214 membris
442 4158 602 4232 compositus
624 4165 678 4226 est,
707 4171 801 4216 nomen
822 4157 900 4214 babet
920 4162 1084 4229 systematis,
1115 4176 1145 4213 re
1165 4162 1222 4234 ipsa
1243 4165 1325 4214 antem
1344 4153 1393 4204 000

299 4249 340 4298 est
360 4242 455 4316 longus
475 4257 578 4297 versus.

381 4321 455 4384 801
475 4323 563 4400 Vulgo
583 4318 704 4398 τίκνοιν,
725 4325 794 4402 quod
815 4325 959 4384 cormctum
986 4333 1028 4384 ert
1048 4346 1082 4384 ex
1104 4327 1193 4384 multis
1214 4323 1347 4382 codicibus·

380 4406 453 4467 800.
474 4409 511 4466 Κ.
533 4401 621 4469 ἔνθεν
642 4428 674 4468 ex
695 4412 780 4468 inutili
802 4409 980 4470 emendatione
1002 4413 1109 4469 metrice
1129 4409 1259 4468 Triclinii.

272 4553 275 4558 .
345 4489 455 4550 806.
476 4493 551 4553 Libri
572 4489 696 4573 τίμνειν
740 4495 875 4556 Personus
896 4497 1003 4574 τεμεῖν,
1026 4496 1095 4572 quod
1116 4499 1192 4554 metri
1213 4511 1306 4554 canosa
1325 4491 1389 4545 pecu

298 4579 395 4634 sarium
417 4581 533 4654 putabat.
