3022 5140
452 960 904 1049 ΥΠΟΘΕΣΙΣ.

112 1469 414 1593 Νεοπτόλεμος
398 1523 438 1572 εν
463 1497 577 1598 Τροίᾳ
601 1498 710 1602 χέρας
733 1498 862 1596 λαβαλν
878 1498 1191 1599 Ἀνδρομάχην
1151 1533 1220 1598 την

103 1611 276 1719 Έκτορος
298 1628 477 1724 γυναῖκα,
513 1621 677 1698 παῖδα”
656 1645 776 1699 ετεκεν
799 1627 839 1708 ἐξ
861 1624 975 1719 αὐτῆς
1000 1625 1218 1702 Μολοττόν·

111 1745 270 1845 ὕστερον
295 1745 376 1822 δὲἒ
360 1747 539 1850 ἒπέχημεν
556 1743 753 1849 Ερμιόνην
777 1746 846 1844 τὴν
871 1745 1071 1824 Μενελάου
1096 1753 1221 1854 θυγα-

110 1875 210 1969 τέρα.
263 1869 372 1956 δίκας
396 1871 437 1948 δὲ
462 1868 643 1973 πρότερον
661 1870 805 1970 ᾐτηκάς
823 1880 888 1970 τῆς
903 1871 1089 1969 Ἀχιλλέως
1113 1875 1218 1952 ἀναι-

112 1996 246 2094 ρέσεως
277 1995 347 2073 τὸν
378 2000 420 2074 έν
450 2002 609 2098 Δελφοῖς
635 1996 865 2094 Ἀπόλλωνα,
907 1994 1021 2075 πάλιν
1051 2001 1220 2076 ἀπῖλθεν

111 2121 171 2196 ε’πὶ
195 2120 239 2197 τὸ
262 2118 487 2222 χρηστήριον
494 2177 506 2212 ,
531 2120 778 2222 μετανοήσας,
804 2128 867 2199 ἵνα
891 2121 960 2200 τὸν
983 2124 1076 2201 θεὸν
1102 2124 1220 2212 ε’ξιλά-

112 2273 231 2342 σηται.
284 2243 494 2341 ζηλοτύπως
525 2247 564 2322 δ’
592 2251 728 2344 έχουσα
759 2248 851 2350 πρὸς
875 2248 944 2344 τὴν
963 2247 1221 2348 Ἀνδρομάχην

111 2371 134 2466 ἡ
159 2370 304 2466 βασιλὶς
329 2370 544 2471 ἐβουλεύετο
569 2374 655 2448 κατ’
679 2374 794 2468 αὐτῆς
817 2369 1008 2462 θάνατον,
1033 2401 1221 2472 μεταπεμ-

111 2497 262 2596 φαμένη
293 2495 361 2573 τὸν
386 2497 601 2574 Μενέλαον·
634 2497 656 2593 ἢ
682 2496 724 2573 δὲ
756 2496 798 2573 τὸ
824 2495 976 2573 παιδίον
998 2496 1071 2596 μίν
1094 2497 1221 2584 ὑπεξέ-

111 2625 250 2717 θηκεν,
277 2620 371 2717 αύτὴ
398 2621 439 2698 δὲ
464 2623 673 2726 κατέφυγεν
697 2621 756 2698 ἐπὶ
779 2622 823 2698 τὸ
846 2621 948 2723 ἱερὸν
971 2629 1036 2718 τῆς
1064 2622 1219 2707 θέτιδος.

113 2749 148 2823 οἱ
181 2746 222 2824 δὲ
255 2748 337 2848 περὶ
365 2747 434 2823 τὸν
449 2747 662 2823 ΔΜενέλαον
692 2746 828 2823 καὶτὸ
862 2745 1014 2824 παιδίον
1046 2749 1218 2848 ἀνεῦρον,

111 2873 176 2947 καὶ
215 2872 357 2968 ἐκείνην
397 2869 651 2968 ἀπατήσαντος
689 2869 906 2976 ἀνήχειραν·
947 2871 1012 2948 καὶ
1043 2870 1221 2974 σφάττειν

111 2998 302 3095 μέλλοντες
337 2998 570 3098 ἀμφοτέρους
601 3000 846 3094 ἐκωλύθησαν
853 3054 866 3087 ,
901 2981 1056 3093 Πηλέως
1088 3001 1221 3098 ἐπιφα-

112 3123 249 3209 νέντος.
306 3099 497 3206 Μενέλαος
526 3122 598 3221 μέν
634 3122 704 3200 οὖν
737 3125 907 3219 ἀπῆλθεν
938 3130 989 3207 ελς
1020 3121 1221 3224 Σπάρτην·

109 3246 282 3350 Ἑρμιόνη
308 3247 349 3326 δέ
373 3245 611 3348 μετενόησεν,
643 3249 893 3348 εύλαβηθεῖσα
918 3247 988 3343 τὴν
1011 3247 1222 3348 παρουσίαν

111 3382 180 3450 τοῦ
204 3375 469 3474 Νεοπτολέμου.
522 3371 822 3478 παραγενόμενος
836 3372 877 3450 δὲ
895 3372 1067 3473 Ὀρέστης
1080 3368 1223 3467 ταύτην

112 3498 184 3594 μέν
213 3497 381 3603 ἀπήγαγε
413 3499 558 3597 πείσας,
596 3501 839 3602 Νεοπτολέμῳ
872 3497 913 3576 δέ·
940 3494 1221 3597 ἐπεβούλευσεν·

113 3625 159 3700 ὃν
186 3624 250 3699 καὶ
275 3626 509 3724 φονευθέντα
541 3633 714 3725 παρῆσαν
740 3627 776 3700 οἱ
801 3625 986 3726 φέροντες.
1037 3627 1160 3719 Πηλεῖ
1182 3622 1223 3699 δὲ

113 3748 283 3843 μέλλοντι
307 3749 376 3828 τὸν
395 3751 530 3851 νεκρὸν
549 3755 706 3853 θρηνεῖν
727 3752 828 3834 Θέτις
849 3753 1069 3850 ἐπιφανεῖσα
1090 3755 1224 3822 τοῦτον

115 3871 184 3971 μίν
209 3877 250 3950 έν
274 3879 433 3976 Δελφοῖς
457 3877 603 3962 ε’πέταξε
629 3873 757 3976 θάψαι
763 3931 776 3964 ,
810 3874 879 3970 τὴν
904 3873 946 3951 δὲ
966 3867 1223 3971 Ἀνδρομάχην

116 4003 167 4082 είς
196 4000 421 4085 Μολοσσούς
455 4003 669 4078 ἀποστεῖλαι
699 4000 794 4100 μετά
826 4007 895 4074 τοῦ
920 3992 1070 4081 παιδός,
1108 3991 1225 4067 αὐτὸν

114 4122 157 4200 δέ
182 4125 400 4203 ἀθανασίαν
426 4127 709 4227 προςδέχεσθοιι·
751 4125 914 4220 τυχόντα
946 4119 988 4196 δὲ
1013 4113 1150 4211 ταύτης

114 4250 318 4352 Μακάρων
346 4251 483 4349 νήσους
507 4251 727 4348 οῖκήσειν.**)

198 4521 229 4596 *)
253 4505 416 4600 Legebat&
437 4519 530 4603 τυχόν
550 4534 580 4582 et
601 4517 730 4609 ᾤκησεν,
753 4520 797 4580 vel
819 4515 940 4605 ᾤκισεν,
963 4516 1007 4576 vel
1029 4507 1189 4599 ἀπῴκησεν.

991 4615 1042 4679 l*
1129 4633 1133 4638 ·
