3026 5134
641 293 743 341 xxm

126 481 224 542 turne
260 475 312 541 ent
348 467 515 542 lometem
553 477 592 541 ut
621 471 825 566 sepulturam
861 468 1013 541 adornet.
1069 467 1157 541 Eam
1194 471 1250 541 rix

126 597 217 668 dixit
248 595 369 668 olores
403 595 586 692 prolectam
619 619 693 668 eene
718 603 757 668 ot
787 595 933 669 liliomrn
964 601 1131 670 eertnmen
1164 594 1250 668 diri-

124 730 246 814 meret,
273 744 371 817 quun
396 721 530 794 nuntius
556 720 652 793 edent
676 722 804 796 otrooie
836 745 873 794 ne
899 722 1018 794 efferre
1045 721 1249 818 significans.

231 847 342 920 Huius
366 847 487 920 relatio
514 848 703 920 neoesenrie
727 871 805 944 pars
831 856 884 920 est
909 847 1095 944 descriptae
1119 849 1155 919 in
1168 871 1250 944 pro·

124 976 209 1072 logo
236 974 381 1046 iabnloe.
431 973 586 1072 Exponit
617 975 704 1046 eninr
730 973 892 1071 quomodo
917 974 1038 1048 iratres
1064 982 1098 1046 et
1121 998 1251 1072 pugne·

127 1100 239 1174 rerint
264 1097 512 1173 etreoiderint.
562 1100 613 1174 Et
637 1102 791 1197 quonium
815 1100 971 1198 Euripidi
997 1101 1125 1198 placuit
1150 1102 1249 1174 etiem

125 1226 297 1300 Incestum
321 1234 421 1322 etque
446 1226 648 1325 Antigonum
669 1228 752 1300 illno
776 1251 814 1300 ee
830 1227 994 1318 conferre,
1013 1226 1171 1300 describit
1184 1227 1251 1300 nni-
1369 1267 1376 1274 -

125 1353 320 1426 sprebiliter
344 1352 507 1449 quemodo
533 1353 778 1450 exspiraverint
801 1353 867 1444 illi,
892 1354 927 1425 in
940 1374 1007 1448 quo
1020 1376 1082 1449 per
1097 1378 1135 1427 re
1152 1377 1251 1450 egre-

127 1481 191 1577 gie·
221 1479 443 1575 descriptione
477 1483 577 1552 etiam
603 1479 773 1554 morientis
799 1478 969 1574 Polynieis
995 1480 1102 1554 iurtoe
1126 1488 1163 1553 et
1187 1481 1251 1552 lm-

127 1630 245 1678 nmnnu
270 1606 399 1677 animun
424 1614 573 1703 appetet.
625 1594 703 1678 Sed
730 1605 883 1701 qnoniam
917 1605 1121 1678 cumulandis
1151 1606 1251 1678 melio

127 1731 359 1805 delectabatur
384 1741 496 1828 poeto,
521 1734 623 1806 οιιιιιιι
641 1731 806 1806 loonetem
831 1755 869 1804 ee
894 1731 1137 1804 interimentem
1157 1731 1251 1824 lenit,

127 1859 333 1955 Antigonum
357 1867 479 1950 eutem,
506 1858 595 1956 qnod
618 1881 660 1932 ee
685 1859 825 1957 emplius
851 1881 970 1932 oenrm
995 1866 1079 1951 emt,
1097 1857 1138 1929 ob
1153 1881 1254 1931 enor-

130 1985 202 2058 citu
225 2009 263 2057 ee
289 1986 324 2056 in
349 1985 461 2057 urbem
486 1987 652 2084 recipere.
702 1985 897 2058 Affernntnr
921 1969 993 2058 iam⁵
1013 2009 1156 2082 oorpora
1182 1983 1253 2055 im-

130 2123 220 2183 trum
253 2119 288 2183 et
312 2113 439 2184 matria.
489 2111 574 2185 Inde
605 2113 733 2185 debiles
765 2113 920 2209 querelae
943 2111 1133 2208 Antigonae
1158 2111 1255 2183 exui·

131 2238 228 2334 tique
260 2261 304 2309 ex
329 2237 426 2310 domo
450 2237 597 2334 Oedipi,
632 2239 751 2335 qnibue
776 2239 866 2310 tinini
891 2239 1067 2335 oportebat
1095 2237 1252 2329 fabulam,
1308 2260 1317 2280 ¹

132 2364 222 2456 uisi,
255 2371 293 2436 ut
326 2388 429 2461 snpra
461 2365 584 2437 dictum
617 2374 681 2456 eet,
715 2385 822 2462 peuce
848 2363 1003 2438 Creontis
1029 2363 1129 2436 rerba
1154 2339 1255 2436 odiioi

132 2497 308 2588 poterent,
341 2490 461 2586 quibos
491 2491 553 2564 ille
578 2501 776 2589 nosoepton
809 2515 830 2562 o
861 2515 898 2564 ee
923 2515 1061 2586 regnum
1086 2489 1255 2586 reliquen-

131 2617 274 2713 domqnn
299 2617 364 2688 ribi
391 2641 464 2690 enee
490 2618 694 2715 sepultorem
719 2626 921 2691 mortuorum
945 2617 1145 2699 declararet,

236 2743 349 2816 Aliter
381 2745 487 2816 ιίιιιιιι
509 2745 690 2818 insatiabili
720 2745 925 2818 miseriorum
950 2751 1085 2842 poetae.
1135 2741 1257 2816 Prodit

130 2871 222 2942 enim
246 2869 350 2962 Creo,
376 2869 532 2968 iubetque
556 2875 706 2945 oxomen
730 2875 841 2970 petrin
867 2874 960 2946 exire
985 2869 1168 2970 Oedipum,
1182 2870 1257 2942 An·-

135 2996 270 3092 tigonoe
305 3005 412 3070 eutem
452 2999 487 3069 in
525 2998 613 3071 diem
636 3001 828 3101 opuntiorum
867 2999 1000 3096 nuptiae
1032 2999 1150 3074 indicit
1181 3021 1257 3070 cum
1308 3073 1316 3088 ,

135 3121 321 3196 Haemone.
372 3123 584 3220 Deprecotnr
608 3149 707 3220 pro
697 3149 733 3195 ee
760 3093 912 3220 Oedipus
938 3125 1102 3215 bnetru,
1094 3146 1277 3219 quumque

135 3246 227 3321 Creo
258 3248 435 3325 Eteoclen
465 3251 622 3346 eopeliri,
680 3248 873 3344 Polyoioem
906 3257 1014 3322 eutem
1055 3251 1258 3322 inhumatum

135 3375 216 3448 eiici
246 3375 365 3467 inerit,
396 3376 590 3472 expostulat
623 3401 697 3448 oum
730 3400 769 3449 eo
803 3375 994 3474 Antigone,
1029 3401 1112 3474 quae
1136 3377 1195 3449 ubi
1218 3399 1257 3450 se

133 3523 179 3572 ne
211 3503 367 3598 preeibne
400 3502 530 3598 quiden
563 3503 741 3599 qnidqoom
772 3501 936 3600 proficere
971 3477 1079 3597 uidet}
1113 3504 1203 3578 loeo
1237 3525 1258 3574 e
1315 3539 1317 3544 Α

135 3617 283 3714 Creonte
323 3627 514 3724 nuptiarum
548 3630 727 3722 mentione,
753 3640 854 3728 neget
879 3640 1054 3728 nupturam
1078 3629 1257 3719 Haemoni,

133 3761 207 3845 unt,
235 3755 264 3826 ni
288 3763 442 3850 cogetur,
473 3779 515 3827 eo
541 3757 618 3852 ipm
642 3765 740 3830 noete
763 3780 802 3828 ne
828 3781 985 3852 eponenm
1012 3755 1260 3828 interfecturum

135 3879 294 3948 monton
320 3879 376 3950 Ite
399 3881 556 3977 impetret
584 3891 622 3954 nt
645 3882 810 3954 olbiorum
834 3890 930 3975 petre
954 3880 1142 3951 enenletnm
1165 3879 1258 3950 obire

135 4000 252 4098 lineat.
285 4002 412 4074 Relirti
437 4007 501 4078 soli
527 4008 562 4078 in
587 4029 687 4076 scene
712 4003 866 4100 Oedipnn
883 4013 927 4076 et
949 4004 1133 4100 Antigone,
1160 4027 1259 4100 quum

136 4128 200 4200 ille
226 4126 291 4198 ribi
315 4126 456 4202 Athenio
473 4131 516 4203 in
542 4117 671 4200 Colono
698 4129 782 4200 meri
806 4129 907 4201 tetulo
933 4153 1007 4202 eure
1033 4129 1132 4223 (fixit,
1147 4131 1259 4203 mnltie
1314 4192 1315 4198 ,

133 4277 216 4332 eum
241 4252 395 4326 lumentis
419 4252 462 4324 de
488 4275 589 4324 soene
613 4253 787 4328 decedunt.

240 4362 306 4454 Sto
331 4380 415 4454 beet
440 4379 631 4476 tragoedia,
664 4380 699 4451 in
731 4405 796 4476 que
826 4382 909 4455 setin
942 4391 1013 4456 eret
1041 4382 1128 4456 duos
1160 4382 1258 4473 oneri,
1332 4451 1339 4461 .
