2974 5138
206 808 709 913 ΕΥΡΙΠΙΔΟΥ
767 811 1074 917 EAENH.

493 1083 786 1096 ..ου-»Ἢ

530 1242 607 1314 EA
615 1247 690 1316 EN
694 1247 744 1317 H.

97 1357 228 1464 Νείλου
253 1387 329 1486 μιίν
354 1387 435 1466 αίδι
459 1388 752 1490 καλλιπάρθενοι
776 1393 885 1491 ῥοαί.
970 1451 974 1460 .

164 1627 204 1689 V.
230 1642 260 1692 1.
306 1629 398 1693 Primi
419 1637 478 1688 tres
499 1649 599 1692 versus
621 1623 777 1692 afferuntur
803 1634 831 1690 in
852 1631 1029 1710 fragmento,
1059 1631 1132 1714 quod
1151 1645 1195 1695 est

100 1708 318 1774 deincremento
337 1711 416 1786 Nili,
438 1713 466 1776 in
485 1713 540 1774 lino
557 1710 619 1774 libri
639 1713 754 1776 secundi
775 1715 911 1792 epitomes
928 1713 1090 1787 Athenaei,
1114 1727 1143 1775 et
1164 1717 1193 1776 iu

98 1787 217 1856 Aristidis
236 1797 386 1877 Aegyptio
406 1793 443 1858 T.
461 1795 498 1856 tl.
518 1817 549 1878 p.
565 1805 638 1864 994.
667 1799 726 1858 sive
746 1797 814 1860 vot.
831 1795 869 1856 ll.
893 1819 921 1876 p.
937 1803 1010 1860 442.
1031 1795 1078 1860 ed.
1101 1795 1191 1860 Dind.

100 1875 259 1942 scholiastes
275 1879 421 1960 Apollonii
442 1877 550 1940 Rhodii
572 1881 609 1942 ad
630 1873 686 1943 1v.
706 1889 781 1946 269.
802 1882 906 1944 omisso
924 1879 1017 1945 medio
1037 1901 1121 1945 versu
1143 1903 1192 1962 po·

98 1963 157 2020 suit:
178 1961 293 2026 Νείλου
312 1961 367 2044 μὲν
389 1961 443 2042 ἥδε
461 1961 705 2048 Ιναλλιιιιίρδενος
727 1961 784 2045 δοίη
807 1969 915 2044 λευκῆς
933 1965 1071 2044 τακείσης
1092 1961 1195 2044 χιόνος

96 2041 216 2124 ὑγραίνει
237 2047 326 2130 γύην.
369 2046 577 2126 Aristophanes
591 2050 620 2108 in
632 2047 937 2130 Thesmophoriazusis
956 2071 982 2108 v.
1000 2053 1073 2128 855.
1094 2049 1192 2130 primis

99 2125 189 2189 duobus
203 2133 338 2192 versibus
357 2133 399 2190 sic
417 2132 530 2211 scriptis
543 2151 611 2192 usus
626 2144 682 2206 est,
705 2145 737 2194 nt
750 2136 778 2193 in
790 2131 937 2210 Euripidis
954 2133 1032 2194 libris
1047 2134 1190 2213 legumus,

97 2214 194 2272 tertium
215 2227 312 2288 autem
333 2213 447 2277 ludibrii
469 2235 568 2274 caussa
591 2216 632 2276 sic
651 2217 783 2276 mutavit:
812 2221 920 2290 λευκῆς
939 2219 1048 2290 νοτίζει
1068 2221 1191 2294 μελανο-

99 2303 228 2370 συρμαῖον
250 2297 338 2362 λεών.
367 2295 635 2376 ’Καλλιπύρθινοι
657 2299 725 2380 ῥοαί
747 2319 802 2382 quo
829 2299 985 2378 significatu
1009 2299 1101 2360 dictae
1121 2301 1188 2372 sint,

100 2373 243 2443 dubitarunt
262 2385 448 2462 interpretes.
491 2379 648 2442 Novissimi
670 2383 824 2463 probarunt
841 2382 990 2442 Sobaeleri
1008 2385 1189 2454 seutentiam,

102 2462 139 2538 qui
155 2463 184 2524 ad
198 2467 380 2527 scholiastam
393 2465 537 2544 Apollonii
550 2482 577 2544 p.
588 2475 663 2530 287.
683 2466 751 2526 nibil
766 2463 841 2526 aliud
859 2483 941 2545 quam
957 2461 1031 2544 ῥοδς
1043 2463 1191 2544 καθαράς,

99 2545 173 2620 καλάς
193 2551 349 2632 significari
369 2549 439 2608 dixit
446 2545 468 2624 ‚'
481 2558 613 2609 auctores
632 2549 754 2609 all'erens
771 2547 992 2610 Valckenarium
1014 2547 1050 2608 ad
1069 2549 1186 2628 Hippoi.

98 2647 121 2706 p.
134 2640 199 2696 271.
222 2635 254 2694 b.
272 2633 311 2693 A.
329 2641 359 2692 ct
370 2632 569 2692 Ruhnkenium
587 2628 630 2696 ad
643 2634 740 2714 hymn.
757 2631 827 2692 Cer.
843 2651 871 2690 v.
888 2639 940 2694 99.
955 2653 971 2691 a
989 2631 1088 2712 quibus
1104 2629 1189 2690 disci·

98 2731 161 2788 mus,
181 2717 258 2798 quod
273 2737 356 2777 nemo
376 2717 480 2787 nescit,
504 2735 602 2796 aquam
623 2735 720 2798 puram
741 2714 797 2776 dici
814 2716 952 2796 virginem
968 2735 1065 2798 posse,
1089 2734 1189 2797 nempe

99 2795 166 2856 siest
177 2821 258 2880 pura.
304 2801 344 2860 At
355 2799 439 2859 Nilus
454 2817 537 2878 qaum
553 2802 671 2879 exiguus
683 2810 738 2871 est,
753 2820 850 2879 puram
865 2799 949 2860 babet
963 2819 1081 2880 aquamr
1106 2818 1189 2878 quum

98 2878 202 2942 increvit
220 2896 252 2946 et
267 2886 367 2964 irrigat
384 2883 558 2962 Aegyptum,
581 2883 617 2942 de
637 2903 691 2964 qua
711 2903 745 2943 re
765 2883 810 2944 hic
831 2903 925 2943 sermo
938 2894 993 2958 est,
1016 2879 1144 2942 turbidus
1160 2891 1190 2941 et

98 2957 197 3025 limosus
216 2969 288 3028 nott.
331 2963 368 3051 Si:
387 2968 414 3025 iu
435 2983 467 3025 re
488 2984 541 3046 per
560 2987 591 3027 se
610 2973 708 3050 aperta
727 2968 889 3028 testimonio
902 2987 972 3048 opus
992 2977 1048 3041 est,
1070 2965 1189 3046 praebet
1275 2963 1279 2972 “

97 3043 225 3110 Aristides
240 3053 271 3110 iu
285 3047 429 3130 Aegyptio
447 3069 476 3129 p.
493 3053 567 3111 tta.
592 3047 636 3111 ὅτι
660 3048 714 3130 μὲν
733 3045 791 3132 γδρ
812 3053 867 3111 τού
885 3055 1031 3132 γειμιδνος
1047 3047 1189 3127 καθαροί-

97 3127 170 3204 cocta
190 3131 280 3210 docco,
304 3133 492 3238 ὁμολογεῖται
515 3127 596 3210 παραί
619 3129 760 3196 πάντων·
774 3129 891 3204 Ιτούτου
908 3131 940 3195 δὲ
957 3131 1053 3208 οὕτως
1069 3132 1190 3236 ίγοντος

98 3211 193 3288 odiunt?
214 3215 256 3280 δίυ
284 3221 339 3278 τού
365 3225 495 3295 1θερους,
524 3213 567 3278 b‘c'
596 3213 658 3280 ἔστί
684 3215 792 3294 μείζων
817 3215 880 3296 ἅμα
900 3215 951 3279 καί
972 3221 1186 3294 θολερωτερος.

97 3293 130 3354 Et
145 3303 227 3382 magis
242 3302 368 3362 Galenus
380 3299 416 3360 de
432 3301 596 3382 simplicium
612 3298 876 3361 medicamentorum
894 3299 1123 3380 temperamentis
1136 3296 1184 3358 lib.

98 3378 118 3436 l·
135 3381 167 3440 T.
183 3385 220 3444 11.
246 3407 275 3466 p.
292 3395 323 3448 6.
346 3383 391 3445 ed.
412 3383 482 3445 Bas.
503 3381 554 3468 (Τ.
568 3383 623 3445 xl.
641 3383 687 3444 ed.
705 3383 784 3466 Lip's
802 3405 831 3466 p.
849 3381 938 3468 389.)
955 3387 1013 3446 ἔστι
1039 3381 1072 3445 δὲ
1088 3379 1187 3464 δήπου

99 3457 127 3522 ni
146 3465 264 3542 ἰλυῶδες
284 3468 368 3546 ίίδονρ
390 3467 547 3544 σύνθετον,
571 3465 611 3543 ὥς
632 3467 683 3530 καί
704 3465 738 3530 τί
762 3473 817 3530 τοῦ
842 3471 953 3531 Νείλου
975 3465 1025 3529 καί
1046 3463 1107 3530 κατ’
1129 3465 1187 3527 Αί-

98 3568 210 3624 rumor·
243 3549 319 3615 οίλλδ
348 3547 396 3613 διδ
423 3556 484 3614 τῶν
503 3553 655 3633 κεραμίων
678 3548 807 3636 οίγγείων
828 3547 1034 3632 διηθούμενον
1054 3548 1188 3632 οίιιριβεδς

99 3629 192 3708 γίνεται
211 3633 360 3715 καθαρόν.
390 3631 446 3715 χρὴ
470 3633 503 3698 δὲ
525 3632 568 3716 μὴ
588 3634 678 3712 ἅπαξ,
701 3632 776 3698 α’λλιί
799 3636 850 3698 καί
871 3635 918 3711 δίς
938 3633 960 3716 ἢ
981 3634 1045 3716 τρὶς
1066 3637 1188 3715 διηθεῑν

99 3710 173 3778 tritri·
192 3721 292 3782 καίτοι
312 3718 362 3782 καὶ
385 3717 480 3794 οὕτως
502 3715 651 3796 α’δύνατον
673 3716 807 3802 α’κριβαῖς
829 3719 1013 3804 ἐργάσασθαι
1033 3715 1185 3799 καθαρόν

100 3791 150 3859 o’tt'
166 3799 234 3866 ὅταν
246 3799 363 3887 ίκφύγη
377 3807 476 3866 πᾶσαν
490 3803 635 3884 αἴσθησιν
651 3801 672 3884 ἡ
690 3803 893 3887 ἐπιφερομένη
907 3809 971 3878 τοῖς
983 3801 1092 3866 ίίδαοιν
1111 3797 1186 3874 ίλύς,

100 3875 173 3960 dorsi
189 3885 266 3964 πρός
286 3911 319 3970 γε
340 3883 396 3966 τὴν
416 3884 558 3958 τοιαύτην
582 3887 684 3966 χρείαν
704 3883 740 3949 τύ
761 3893 883 3952 τοιαῦτα
904 3881 1024 3965 ιιαθαρδι
1044 3883 1095 3946 καλ
1116 3883 1186 3944 είλι-

102 3972 173 4046 κοινῆ
192 3971 286 4048 λέγειν
308 3967 412 4036 ὕδατα.
455 3969 566 4046 Quodsi
578 3993 632 4032 uon
648 3983 764 4055 propter
781 3974 930 4054 puritatem
948 3965 1187 4048 τιαλλιττύρθενος

103 4054 178 4111 locari
198 4055 282 4115 Nilus
300 4056 409 4134 potuit,
435 4055 490 4114 alia
507 4056 568 4115 eius
587 4057 782 4136 appellationis
801 4059 874 4118 ratio
895 4063 1047 4134 quaeratur
1065 4068 1184 4115 neeesse

102 4141 146 4187 0⁵¹·
181 4138 278 4218 inepte
298 4137 410 4218 quidem
424 4137 542 4196 Latinus
560 4140 701 4218 interpres
711 4137 851 4218 formosis
862 4137 992 4214 nymphis
1007 4136 1113 4193 decora
1121 4134 1185 4215 flu·

102 4216 163 4276 νιίνα
179 4224 278 4281 vertit:
302 4227 394 4300 neque
415 4241 485 4281 vero
504 4221 644 4302 aliquanto
664 4224 769 4282 rectius
789 4241 900 4281 versum
920 4236 985 4277 esse
999 4218 1028 4276 in
1040 4215 1183 4276 Atbenaei

101 4293 237 4376 fragmento
247 4307 364 4388 florento
383 4307 580 4364 umoem'sct‘rna
600 4323 662 4362 oum
679 4303 836 4363 Schaelero
850 4301 981 4372 dixerim,
1005 4302 1084 4361 cuius
1096 4301 1184 4359 iuter·

102 4387 244 4453 luctationis
265 4389 338 4448 ratio
358 4385 439 4448 reddi
459 4388 656 4466 nulla'potest.
692 4385 759 4445 Non
778 4385 890 4446 videtur
910 4382 1088 4445 dubitandum
1103 4401 1181 4454 esse,

101 4465 153 4536 quin
177 4489 260 4551 aquas
280 4471 339 4530 Nili
360 4471 460 4530 nullius
481 4489 543 4530 cum
563 4471 634 4530 alius
655 4470 734 4530 lluvii
756 4471 835 4552 aquis
864 4471 1046 4543 commixtas,
1077 4464 1127 4526 sed
1147 4484 1183 4526 ex

103 4547 155 4608 solio
169 4554 275 4615 niuibus
293 4565 446 4635 prognatae
465 4553 625 4632 significare
645 4554 768 4616 coluerit
786 4551 950 4636 Euripides.
