2994 5128
642 361 729 410 xvll

121 521 360 596 Lachmannus
393 528 427 594 et
451 518 660 614 Hermanno,
696 522 782 595 falsa
814 520 970 619 opinione
999 545 1046 618 ex
1079 524 1244 621 corruptis

121 647 276 722 Pollucis
303 647 413 720 uerbis
439 656 612 752 concepta,
647 672 731 745 quac
757 649 927 722 emendavi
958 649 992 722 in
1019 647 1161 746 Opusc:
1175 651 1244 722 rol.

121 774 212 848 VH.
246 799 282 873 p.
316 777 405 851 346.
463 773 557 866 Quae
589 775 623 846 in
657 773 784 848 decima
816 799 916 848 scena
949 777 1039 848 intus
1072 775 1244 849 clamantis

121 900 275 974 Helenae
301 925 368 974 vox
396 901 540 994 auditur,
568 925 640 972 eam
667 901 830 975 secundus
857 908 951 974 actor
976 900 1074 973 edera
1102 901 1243 975 uidetur.

121 1026 273 1122 Pyladea
308 1050 480 1124 personam
518 1034 639 1118 autem,
678 1028 734 1124 qni
773 1029 809 1099 in
844 1027 945 1100 tertia
981 1027 1109 1102 decima
1144 1052 1244 1102 scena

125 1149 243 1225 Oresti
269 1149 401 1226 adstans
428 1155 712 1252 conspiciebatur,
740 1177 760 1226 a
785 1153 891 1251 primo
918 1162 1031 1226 actore
1057 1162 1245 1252 susceptam

124 1303 199 1353 esse
227 1280 384 1353 credibile
411 1287 481 1354 est:
516 1282 564 1354 ita
595 1289 631 1353 ut
667 1283 718 1354 bis
751 1280 882 1378 qnidam
915 1280 1029 1354 eadem
1056 1305 1244 1378 personae

122 1405 263 1480 diversis
289 1407 505 1480 histrionibus
530 1413 780 1503 repraesentata
814 1406 934 1500 fucrit,
972 1408 1031 1480 sed
1066 1416 1123 1481 aut
1154 1409 1244 1482 intus

122 1532 281 1624 clamans,
308 1541 365 1604 aut
390 1541 479 1604 rnuta
504 1530 651 1603 adstans,
747 1599 751 1604 .

223 1657 278 1730 De
315 1659 463 1748 ratione,
508 1673 571 1753 qua
614 1658 648 1729 in
693 1654 819 1728 edenda
857 1657 921 1728 hac
954 1658 1128 1753 tragoedia
1164 1683 1244 1731 usus

123 1806 207 1874 snm,
235 1808 332 1880 quum
360 1783 472 1855 eadem
499 1783 579 1854 mihi
605 1781 744 1855 dicenda
770 1788 901 1874 essent,
942 1806 1025 1880 qnae
1051 1783 1086 1855 in
1111 1784 1245 1881 pracia-

122 1909 213 1981 tione
239 1909 496 1983 Phoenissarum
524 1910 607 2002 dixi,
634 1909 727 1982 nolui
751 1908 812 1980 illa
837 1917 1002 2006 repetere.
1052 1909 1130 1982 Hoc
1145 1933 1244 1981 unam

123 2034 307 2108 addendum
333 2037 434 2131 duni,
471 2037 688 2111 Victorianus
724 2036 908 2133 scripturae
946 2061 996 2108 me
1030 2061 1096 2108 non
1123 2036 1243 2108 iecisse

121 2163 333 2254 mentionem,
359 2165 417 2237 ubi
442 2189 481 2237 ca
507 2189 580 2238 cum
605 2163 696 2236 Van.
717 2166 755 2236 2.
782 2164 958 2254 consentit,
986 2163 1073 2260 quod
1099 2164 1158 2235 ille
1185 2187 1244 2236 co-

122 2287 189 2361 dex
212 2290 243 2362 is
270 2296 333 2383 est,
361 2316 425 2388 qno
452 2315 532 2363 osus
558 2299 611 2362 est
634 2289 823 2362 Victorius.
881 2288 999 2386 Itaque
1031 2290 1089 2361 abi
1121 2288 1245 2362 Victo·

120 2415 207 2487 rium
233 2419 503 2510 commemoravi,
543 2419 596 2488 vel
620 2416 786 2488 Matthiae
829 2416 994 2513 putandus
1030 2424 1082 2488 est
1117 2415 1244 2512 aliquid

122 2542 212 2614 aliud
238 2567 334 2639 quam
360 2543 447 2641 qnod
472 2545 506 2615 in
533 2543 624 2616 Ven.
647 2546 684 2616 2.
711 2551 801 2614 esset
827 2541 1022 2615 eVictorio
1049 2552 1243 2641 excerptum

120 2668 301 2763 invenisse,
329 2672 470 2768 relego
498 2669 687 2742 adnotatum
712 2669 884 2741 habebam
935 2668 978 2741 In
1002 2670 1152 2742 uersibus
1180 2695 1243 2741 nu-

121 2796 286 2870 merandis
311 2806 484 2894 peecatum
510 2806 562 2872 est
588 2822 641 2890 co,
670 2796 757 2894 qnod
784 2797 840 2894 qni
865 2805 934 2868 tres
960 2820 1076 2869 versus
1100 2797 1245 2868 suntin·

120 2930 173 2994 ter
197 2950 231 2996 r.
257 2926 346 3001 965.
373 2934 407 2997 et
432 2928 521 3001 970.
546 2951 608 3024 pro
636 2931 792 3021 quattuor
805 2924 955 2996 versibus
970 2924 1132 2996 numerati
1147 2931 1242 2995 sont:
1266 2935 1271 2948 ’

122 3048 209 3142 quod
235 3076 352 3124 moneo
379 3053 520 3147 noa-qais
547 3050 662 3124 deesse
688 3074 788 3122 noum
809 3051 844 3122 in
859 3059 955 3122 textu
980 3076 1111 3125 versum
1135 3058 1243 3148 patet.
