3028 5136
835 355 884 431 38

239 542 476 638 395κρατήρα
499 531 540 610 δ’
565 533 755 630 ἐξύπλησεν
775 535 826 622 ὥς
850 533 1110 637 δεκάμφορον,

308 657 473 759 μόσχους
494 658 669 758 άμὲλξας,
703 662 836 740 λευκὸν
862 663 997 760 ελςχίας
1021 660 1131 766 χάλα.
1200 681 1202 689 “

309 782 451 884 σκύφος
474 815 514 861 τε
538 793 671 862 κισσοῦ
695 786 874 885 παρέθετ’
903 794 953 873 ελς
976 786 1084 887 εὖρος
1107 795 1224 889 τριῶν

310 911 476 1006 πηχέων,
510 908 637 1009 βάθος
661 909 702 988 δὲ
725 908 918 1013 τεσσάρων
945 913 1127 1013 ἐφαίνετο.

310 1035 376 1111 καὶ
397 1033 559 1131 χάλκεον
584 1036 708 1135 λέβητ’
737 1025 902 1129 εἰτύζεσεν
927 1037 1029 1138 πυρί,

244 1160 366 1244 taonis·
391 1160 417 1236 δ
421 1161 432 1188 ²
458 1158 506 1257 ήν
531 1161 659 1258 ἕτοιμα
684 1157 807 1238 πάντα
829 1170 887 1264 τῷ
910 1166 1108 1266 θεοστυχεῖ

305 1281 434 1362 Ἅιδου
454 1283 640 1387 μαγείρῳ,
674 1294 775 1388 φῶτε
801 1285 1033 1396 συμμάρψας
1057 1284 1128 1364 δύο

199 1433 205 1446 ’
315 1409 447 1509 ἔσφαξ’
468 1409 633 1510 ,ἑταίρων
656 1420 734 1488 τῶν
759 1415 861 1510 ε’μῶν
884 1415 1022 1513 ῥυθμῷ
1045 1411 1131 1501 τινί,

315 1531 478 1632 τὸνμὲν
502 1536 653 1636 λέβητος
677 1543 728 1622 εἰς
751 1535 863 1623 κύτος
882 1535 1129 1636 χαλκήλατον,

315 1661 472 1736 Αλτναῖ’
498 1659 563 1738 ἅτε
589 1669 771 1768 σφαχεῖα,
800 1664 980 1742 πελεκέων
1003 1661 1174 1768 γνάθοις,

316 1912 387 1979 άλλά
420 1911 580 2002 παλιούρου
616 1915 720 1985 κλάδῳ.
778 1923 827 1982 Sic
861 1924 945 1982 etiam
974 1921 1054 1981 Flor.
1080 1923 1110 1982 l.
1141 1919 1192 1980 sed
1222 1922 1353 1981 omittens
1380 1917 1425 2005 γ’.

318 2000 409 2062 Ηεεν.
429 2004 461 2065 2.
484 2001 575 2064 Brnb.
599 1983 739 2083 aliaeque,
762 2000 877 2080 ξεστοὺς
891 2001 921 2066 δ’
940 1999 977 2066 ού
993 1999 1125 2088 δρεπάνῳ
1144 1999 1188 2088 γ’.
1230 2004 1426 2085 supersedere
1494 1976 1495 2052 l

317 2096 430 2164 poterat
450 2084 591 2148 Matthiae
612 2089 697 2167 longa
718 2087 754 2147 ad
773 2091 846 2149 hune
864 2108 976 2148 versum
998 2088 1190 2161 adnotatione,
1214 2108 1270 2168 qua
1291 2109 1427 2170 qnorum·
1494 2099 1495 2138 ἱ

319 2166 382 2226 dam
412 2169 599 2249 ineptissimas
631 2173 826 2243 coniecturas,
856 2172 975 2231 aliorum
1005 2182 1097 2231 antem
1127 2173 1290 2232 manifestos
1311 2191 1426 2234 errores
1494 2171 1495 2178 '

319 2256 564 2328 commemoravit,
595 2256 619 2314 si
640 2256 709 2316 satis
731 2256 875 2315 habuisset
895 2256 1068 2316 verissimam
1089 2254 1230 2334 Scaligeri
1251 2255 1426 2316 emendatio-

318 2354 383 2394 nem
405 2337 523 2411 afferre,
554 2333 669 2413 ξεστοὺς
696 2336 728 2401 δὲ
749 2334 881 2425 δρεπάνῳ
899 2333 1001 2415 τάλλα,
1032 2333 1194 2421 παλιούρου
1214 2335 1335 2400 κλάδων.
1377 2340 1426 2399 ln·

319 2416 455 2479 credibile
483 2419 624 2495 dicerem,
656 2423 711 2481 nisi
731 2423 835 2483 lactum
858 2423 1000 2496 viderem,
1023 2434 1056 2482 nt
1077 2442 1167 2503 neque
1190 2423 1250 2501 ipse
1270 2421 1423 2498 Matthiae,

317 2521 411 2582 neque
439 2503 488 2562 alii
515 2504 692 2586 scaligerum
719 2518 923 2588 sequerentur,
962 2504 1012 2566 sed
1043 2506 1237 2586 praeferrent,
1272 2525 1344 2586 quae
1372 2527 1425 2567 nec

318 2605 431 2646 sensum
463 2588 585 2662 habent,
616 2609 669 2650 nec
691 2590 802 2651 Graece
831 2590 1003 2650 dictasunt.
1046 2589 1194 2648 Mirabilia
1214 2586 1249 2647 de
1268 2590 1322 2648 hoe
1341 2609 1426 2650 versu

318 2668 443 2749 prodidit
461 2673 545 2732 etiam
562 2672 598 2732 L.
615 2671 782 2733 Dindorlius
803 2676 832 2732 in
850 2675 958 2733 minore
979 2671 1025 2732 ed.
1043 2671 1166 2731 Diodori
1182 2670 1273 2731 Siculi
1293 2672 1350 2746 vol,
1368 2671 1425 2734 lv.

319 2774 348 2832 p.
366 2755 439 2817 202.
463 2775 545 2834 qnam
568 2755 776 2818 adnotationem
799 2759 907 2816 notavit
927 2756 963 2814 F.
986 2756 1027 2817 V.
1050 2755 1227 2814 Fritzschius
1249 2752 1285 2814 ad
1304 2755 1427 2817 Luciani
1496 2757 1497 2766 ’

250 2847 252 2856 “
319 2835 387 2896 dial.
419 2837 498 2898 deor.
532 2860 561 2918 p.
583 2842 614 2902 ὁ.
667 2837 762 2898 Hodie
798 2840 851 2898 ista
888 2838 994 2898 indicta
1019 2838 1091 2898 velle
1119 2837 1298 2898 Dindorfium
1327 2839 1425 2901 credo.

317 2918 404 2998 Apud
425 2919 604 2982 Athenaeum
624 2921 700 2983 XIV
702 2965 710 2980 .
734 2943 762 3001 p.
782 2923 855 2986 650.
876 2921 917 2982 A.
934 2916 1093 3003 παλιούρου
1115 2916 1211 3008 κλάδῳ
1233 2922 1262 2980 in
1281 2920 1364 2983 codd.
1384 2924 1426 2984 A.

319 3001 357 3062 B.
384 3004 412 3061 in
436 3004 557 3065 caeteris
578 2999 686 3067 κλάδον
707 3005 821 3084 legitur.

402 3103 476 3166 399.
521 3103 682 3164 Ιαλιεολιίιιε
711 3106 740 3164 in
769 3106 863 3184 priore
885 3102 1008 3164 editione
1029 3101 1128 3163 Aiacis
1148 3101 1183 3162 ad
1205 3125 1233 3164 v.
1255 3103 1308 3169 40.
1332 3105 1430 3166 οοοίε-

320 3196 401 3245 cerat
428 3184 589 3266 ἐπέστησεν.
640 3188 727 3248 Nunc
752 3189 836 3248 aliter
862 3189 967 3248 sentire
988 3187 1110 3248 videtur.
1155 3187 1188 3246 Si
1208 3189 1248 3246 ita
1268 3190 1431 3268 scripsisset

320 3268 491 3350 Euripides,
522 3272 592 3331 ferri
617 3283 734 3353 possent
762 3271 815 3331 hoe
838 3272 901 3331 loco
923 3271 965 3330 illi
986 3291 1101 3343 versus,
1130 3291 1200 3350 qnos
1221 3282 1286 3350 post
1304 3292 1332 3331 v.
1352 3273 1428 3335 392.

321 3354 470 3417 collocavi.
514 3354 575 3415 Eos
596 3356 768 3436 sequebatur
787 3357 846 3428 hic,
869 3350 994 3417 Αἰτναῖά
1013 3378 1043 3417 τε
1064 3360 1188 3435 σφαγεῖα
1204 3353 1345 3417 πελεκέοιν
1361 3351 1432 3436 pod-

321 3444 405 3511 θοις,
434 3439 483 3517 qui
513 3439 644 3517 quoniam
674 3456 765 3518 neque
794 3459 856 3498 cum
880 3439 952 3512 illis,
976 3457 1067 3518 neque
1089 3457 1152 3496 cnm
1173 3457 1207 3496 eo
1229 3439 1278 3517 qni
1299 3439 1328 3497 in
1350 3439 1432 3498 libris

323 3521 467 3598 sequitur,
490 3515 529 3592 άς
549 3516 580 3582 δ’
603 3510 642 3600 ἦν
662 3520 762 3601 ἕτοιμα
781 3518 877 3584 πάντα
896 3527 938 3607 τῷ
957 3527 1119 3603 oscampo,
1141 3520 1198 3579 ullo
1220 3532 1303 3600 pacto
1326 3522 1433 3582 cohae-

323 3612 386 3676 ret,
410 3604 545 3663 nonnulla
565 3616 630 3664 ante
651 3625 715 3665 enm
736 3606 876 3666 excidisse
895 3605 1012 3687 putabat
1031 3601 1235 3684 Boissonadus.

405 3703 478 3767 401.
522 3703 602 3763 Libri
631 3706 715 3768 δίδου
743 3707 875 3792 μαγείρῳ.
924 3703 1095 3765 Emendavit
1115 3704 1196 3784 quasi
1216 3722 1253 3763 ex
1273 3702 1347 3764 Mss.
1372 3703 1433 3763 suis

324 3787 495 3868 Stephanus.
539 3787 616 3849 Dein
638 3784 699 3852 δύω
721 3791 750 3850 in
772 3789 837 3851 edd.
861 3797 931 3850 vett.

405 3887 479 3950 402.
523 3888 631 3949 Secnre
653 3909 690 3951 ex
711 3889 887 3950 Barnesiann
908 3897 1048 3946 servatum
1070 3898 1115 3946 est
1135 3874 1251 3965 ἔσφαξ’.
1292 3884 1326 3944 ln
1347 3883 1431 3944 Flor.

325 3972 354 4032 l.
371 3970 403 4032 2.
427 3981 458 4029 et
477 3970 542 4032 edd.
565 3983 634 4033 vett.
659 3985 736 4034 recte
751 3975 886 4052 scriptum
901 3965 1014 4047 ἕσφαξ.
1042 3969 1089 4029 Ex
1109 3967 1174 4030 eod.
1190 3968 1260 4029 Par.
1275 3965 1316 4030 A.
1331 3967 1435 4027 Mark-

324 4052 424 4114 laudus
445 4053 481 4114 ad
503 4056 603 4137 Suppl.
627 4059 677 4122 94.
700 4057 783 4116 ah'ert
800 4054 857 4117 τινλ
878 4053 995 4137 ῥυθμῷ.

407 4152 480 4218 403.
524 4153 662 4235 Apertum
691 4167 735 4215 est
763 4151 870 4235 aliquid
891 4153 1010 4232 amplius
1031 4149 1088 4211 dici
1109 4162 1139 4211 et
1158 4151 1363 4230 significantius
1384 4147 1437 4208 de-

324 4239 437 4311 buisse,
470 4259 552 4319 qnam
581 4238 650 4297 illud
672 4237 775 4298 nudum
801 4233 852 4298 τὸν
871 4233 1061 4316 μὲνῐλὲβητος
1082 4235 1123 4308 εἰς
1142 4230 1228 4308 κύτος
1248 4229 1435 4314 χαλκήλατον.

324 4322 466 4382 Nimirum
497 4323 543 4380 hic
572 4322 744 4403 sequebatur
763 4315 886 4382 Alwai’
910 4315 960 4382 άτε
980 4325 1113 4402 σφαγεῖα,
1139 4315 1280 4380 πελεκὲοκν
1300 4312 1437 4400 γνάθοις,

325 4404 401 4486 quod
430 4425 514 4484 snpra
544 4417 609 4464 ante
637 4423 749 4464 versum
766 4404 839 4469 400.
863 4406 905 4465 sic
926 4405 1060 4486 seriptum
1082 4413 1145 4462 crat
1164 4396 1290 4462 Αἰτναῖά
1309 4423 1339 4463 τε
1360 4417 1438 4477 σφα·

323 4495 388 4573 ρεῖα
416 4485 557 4629 πιελεκὲωυ
585 4483 717 4572 γνάθοις.
765 4487 825 4549 Pro
845 4483 1022 4571 χαλκήλατον
1043 4486 1203 4567 Stephanus
1224 4485 1310 4544 etiem
1330 4487 1438 4564 χαλκη-

324 4564 413 4636 abac
445 4571 491 4648 egi
512 4571 563 4630 ait.
