3032 5132
776 318 850 392 rso

646 458 978 594 nostrorum.-

250 667 270 742 ὁ
295 669 417 755 ποῖος,·
444 665 524 740 ἀλλ’
553 660 576 764 ἦ
601 665 693 765 πρὸς
716 654 842 753 noenta
866 671 959 768 ἐρεῖς
982 667 1099 760 nand,-

653 871 712 945 01
719 873 783 943 ΔΙ
789 873 874 947 ΠΟ
887 877 968 946 ΥΣ.

164 1022 290 1104 17151ν
313 1023 394 1105 ταῖς
411 1015 591 1117 Ἀθήναις
613 1023 822 1097 κατθανεῖν
845 1021 888 1120 μ’
918 1021 1122 1122 ἀλωμονον.

639 1228 678 1297 Α
684 1228 724 1298 Ν
731 1229 791 1298 TI
795 1227 832 1296 Γ
838 1227 918 1299 ΟΝ
918 1229 970 1305 Η..

245 1381 341 1463 ποῦ,·
367 1370 423 1457 τίς
448 1396 487 1448 σε
513 1369 652 1476 πύργος
670 1372 846 1458 Ἀτθίδος
871 1373 1122 1476 προςδὲξεται;

649 1579 750 1655 ΟΙΔ
757 1580 873 1655 1Πο
885 1585 966 1664 ΥΣ.

242 1724 339 1827 ἱερὸς
364 1723 554 1817 Κολωνός,
580 1723 736 1825 δώμαθ’
765 1717 895 1805 ’ἱππίου
919 1732 1025 1804 θεοῦ.

243 1853 323 1928 ἀλλ’
353 1851 429 1942 εἷα,
455 1862 587 1953 τυφλῷ
612 1853 709 1953 τῷδ’
738 1854 906 1954 ὑπηρέτει
932 1855 1063 1955 πατρί,

242 1978 319 2054 ἐπεὶ
343 1981 534 2080 προθυμεῖ
556 1980 663 2079 spade
687 1985 911 2057 κοινοῦσθαι
937 1990 1068 2084 φυγῆς.

640 2190 725 2259 AN
731 2188 970 2262 TIPONH.

709 2333 911 2436 meost:

158 2494 242 2556 1720
341 2483 400 2560 ἴθ’
430 2491 482 2572 εἰς
506 2486 636 2590 φυγὰν
659 2484 858 2566 τάλαιναν·
887 2489 990 2590 ὄρεγε
1012 2485 1105 2588 χέρα
1130 2484 1259 2586 φίλαν.

231 2737 476 2748 -μ--ῃ

325 2871 418 2934 1717.
437 2873 525 2950 Vulgo
547 2864 679 2946 δώμαθ’
703 2867 822 2932 ἱππείου
843 2871 930 2932 θεοῦ.
950 2870 1021 2950 Aug.
1043 2874 1067 2930 b.
1090 2870 1115 2929 d.
1137 2860 1280 2946 δώμαθ’.
1295 2869 1359 2929 Par.

239 2955 275 3016 A.
297 2949 386 3032 θῶμά
408 2951 457 3017 θ’.
500 2958 561 3014 Ηοο
581 2956 731 3014 Brunclrius
752 2962 836 3016 secuti
863 2966 925 3016 sunt
945 2965 971 3016 et
991 2957 1141 3026 Porsouus,
1175 2958 1218 3031 qui
1246 2959 1286 3014 sio
1306 2974 1359 3012 rur·

239 3044 291 3099 lius
314 3041 440 3121 distingui
462 3047 506 3112 ait,
528 3050 554 3099 et
573 3041 716 3099 Elmsleius
738 3039 772 3100 ad
793 3042 865 3102 Med.
887 3039 939 3102 88.
962 3043 982 3100 f.
1003 3050 1030 3098 et
1051 3039 1188 3099 Matthiae.
1232 3039 1286 3099 Cur
1307 3059 1360 3098 me·

238 3127 300 3196 iius,
322 3127 407 3184 fateor
427 3147 467 3185 me
488 3147 541 3185 non
560 3127 658 3187 ridere.
700 3126 878 3186 Scholiastes:
902 3125 995 3204 διχῶς
1016 3120 1132 3204 λέγεται
1152 3122 1204 3184 καὶ
1221 3124 1360 3204 πληθυν-

238 3212 329 3282 τικῶς
349 3209 400 3270 καὶ
423 3205 536 3284 ἑνικῶς.
579 3212 681 3271 Deinde
703 3213 777 3270 multi
799 3213 902 3273 codices
924 3221 993 3270 reete
1013 3205 1129 3281 ἱππίου,
1147 3208 1179 3266 de
1200 3230 1250 3285 quo
1273 3209 1359 3267 Elms-

239 3297 304 3355 isius
326 3297 360 3355 ad
380 3297 500 3356 Medeam
522 3298 541 3355 l.
563 3317 585 3354 c.
638 3331 639 3334 =

324 3379 417 3440 1718.
443 3383 515 3440 Flos.
545 3381 575 3439 2.
600 3382 671 3438 vin.
697 3379 769 3440 ποδὶ
792 3401 838 3458 pro
859 3382 967 3459 vulgato
989 3375 1091 3458 ansol,
1113 3376 1320 3437 commendatum
1340 3397 1358 3435 a

235 3464 366 3523 Persouo.

323 3547 416 3608 1720.
444 3550 533 3606 Huius
560 3551 684 3606 carminis
710 3554 873 3626 compositio,
905 3549 938 3607 de
970 3569 1019 3625 quo
1042 3548 1097 3606 dixi
1117 3549 1146 3604 iu
1167 3546 1252 3606 Elem.
1274 3546 1355 3605 doctr.

239 3639 313 3693 metr.
340 3654 365 3710 p.
388 3631 460 3692 761.
482 3635 579 3710 reetius
606 3638 725 3710 exposita
751 3644 792 3693 est
818 3638 846 3692 in
867 3635 987 3711 Epitome
1010 3655 1034 3710 p.
1056 3627 1127 3691 295.
1150 3633 1247 3690 relictis
1269 3639 1356 3705 tammn

239 3737 303 3795 quae
325 3738 392 3776 nora
419 3737 482 3776 eura
508 3718 663 3796 indigerent.
707 3719 817 3778 Constat
844 3719 951 3796 stropha
982 3729 1059 3795 atque
1080 3715 1258 3794 antistropha,
1289 3735 1358 3792 quae

237 3801 314 3860 modo
341 3804 401 3862 aliis
423 3807 552 3872 numeris,
584 3803 660 3863 modo
689 3805 881 3882 antistrophieis
908 3805 967 3862 aliis
994 3803 1200 3880 interpellantur.
1247 3801 1357 3859 Iliorum

235 3905 359 3946 uersuum
380 3891 424 3963 qui
445 3887 575 3963 stropham
598 3899 674 3966 atque
696 3887 883 3965 antistropham
905 3889 1077 3964 interpellant,
1101 3891 1176 3944 initia
1196 3887 1302 3966 longius
1323 3886 1356 3943 ab

237 3975 352 4032 sinistris
380 3975 537 4051 marginibus
561 3979 674 4046 removi,
707 3977 833 4053 appositis
858 3978 973 4031 numeris
998 3981 1182 4044 systematum,
1214 3971 1357 4046 exquibus

237 4061 353 4116 numeris
379 4063 467 4116 statim
496 4079 562 4136 quae
588 4065 656 4118 inter
689 4079 719 4116 se
749 4056 937 4135 respondeant,
968 4076 1083 4134 quaeque
1110 4062 1215 4134 emeeut
1245 4073 1356 4130 respon·

236 4145 328 4220 sione,
360 4147 433 4202 nosci
462 4153 560 4222 potest.
605 4144 676 4202 Mira
706 4143 772 4200 haee
802 4144 877 4199 nobis
913 4145 1066 4220 compositio
1096 4140 1216 4199 videatur
1246 4157 1356 4198 neeesse

237 4232 409 4299 esteteuius
430 4234 496 4287 ratio
511 4228 659 4305 impeditior
679 4231 723 4296 sit,
744 4235 862 4303 qoamut
883 4249 899 4286 a
919 4227 1020 4286 theatro
1042 4223 1211 4284 animadverti
1232 4228 1354 4300 potuerit.

235 4310 274 4370 At
294 4313 369 4372 aliter
389 4318 480 4390 opinor
506 4311 538 4369 de
560 4332 591 4370 ea
618 4331 646 4370 re
674 4316 838 4382 sentiremus,
858 4316 882 4371 si
903 4315 958 4371 noti
979 4314 1054 4370 nobis
1075 4309 1145 4368 modi
1166 4316 1254 4368 essent
1273 4306 1354 4365 huius

237 4401 339 4458 cantici.
386 4398 479 4472 Neque
507 4400 575 4454 enim
597 4395 764 4454 dubitandum
785 4397 895 4468 videtur,
916 4400 978 4473 quin
999 4395 1103 4472 stropha
1124 4395 1171 4452 illa
1191 4401 1268 4469 atque
1287 4395 1355 4451 asti·

237 4482 343 4558 stropha
369 4484 437 4540 alios
467 4480 585 4538 habuerit
611 4481 716 4552 modos,
743 4501 820 4558 quam
846 4485 891 4540 isti
911 4499 1013 4550 versus,
1033 4482 1126 4554 quibus
1147 4478 1353 4554 interpellantur,

235 4568 273 4623 ita
293 4575 322 4624 ot
344 4569 388 4642 qni
415 4563 552 4624 audiebant
578 4571 667 4625 statim
694 4567 938 4637 animadverterent,
964 4568 1008 4626 ubi
1030 4584 1046 4622 a
1065 4563 1200 4641 principali
1222 4561 1296 4621 modo
1317 4560 1361 4620 ad·
