3032 5132
817 329 891 404 148

291 533 456 638 ἐκβάλετ’
487 533 664 606 ἄθαπτον
688 525 789 624 siud*
820 525 920 625 ὅρων
945 525 1014 610 ἔξω
1035 519 1190 620 χθονός.

292 659 484 763 κηρύξεται
510 655 550 734 ds
577 663 668 730 πᾶσι
694 650 894 748 Καῦμείοις
918 647 1028 740 τάδε,

524 775 745 857 Νόνῶ
720 809 744 877 η
763 775 1014 876 καταστέφων
1039 774 1118 873 ἅλῳ
1234 847 1235 856 ,

291 913 315 1011 ἢ
340 921 388 1017 γῇ
414 908 625 997 καλύπτων,
650 901 825 981 θάνατον
850 898 1124 987 ἀνταλλάξεται.

210 1039 344 1117 1645σῦ
368 1040 423 1128 θ’,
449 1041 646 1112 ἐκλιποῦσα
671 1025 893 1130 τριπτύχους
916 1036 1060 1129 νεκρῶν
1083 1024 1195 1131 γόους

293 1163 419 1263 κόμιζε
447 1159 600 1258 σαυτήν,
619 1154 825 1260 Ἀντιγόνη,
851 1152 984 1255 δόμων
1008 1156 1100 1243 ἔσω,

294 1291 358 1366 καὶ
383 1283 619 1388 παρθενεύου
645 1284 713 1382 τὴν
738 1289 871 1360 ἰοῦσαν
894 1281 1038 1381 ἡμέραν
1099 1336 1102 1345 .

296 1416 466 1515 μένουο’,
492 1417 533 1490 ἐν
558 1406 582 1510 ᾗ
609 1434 648 1486 σε
675 1409 825 1507 λέκτρον
850 1410 1015 1506 Αἵμονος
1039 1406 1150 1504 με’νει.

688 1619 724 1684 Α
731 1615 771 1684 Ν
778 1615 837 1684 TI
843 1615 879 1682 Γ
885 1612 1018 1686 ΟΝΗ.

299 1766 329 1846 ol
355 1763 483 1863 πάτερ,
510 1765 551 1839 ἔν
577 1763 665 1846 οἵοις
690 1759 834 1858 κείμεθ’
865 1756 1012 1844 ἇθλίοις
1035 1762 1172 1868 κακοῖς.
1202 1853 1208 1860 .

216 1895 349 1981 roserii
374 1915 413 1966 σε
439 1885 605 1980 στενάζω
630 1897 708 1964 τῶν
732 1883 972 1984 τεθνηκότων
997 1885 1119 1984 πλέον.
1494 1902 1495 1944 t

299 2023 344 2097 οῦ
369 2015 510 2122 γὰρτὸ
536 2013 606 2110 μέν
632 2037 691 2088 σοι
714 2012 818 2112 βαρύ
842 2021 982 2103 κακῶν,
1007 2010 1050 2086 τὸ
1076 2010 1114 2085 d'
1145 2009 1189 2086 οῦ
1213 2008 1329 2112 βαρύ,

182 2207 195 2226 .
300 2147 380 2222 ἀλλ’
411 2148 461 2227 sic
486 2142 634 2217 ἅπαντα
660 2139 840 2236 ῦυςτυχής
864 2141 968 2239 ἔφυς,
993 2133 1119 2238 πάτερ.

307 2381 563 2395 ———-——

300 2539 415 2612 ineptum
437 2541 486 2592 est.
530 2532 642 2591 Omnino
669 2538 803 2609 propterea
824 2537 922 2590 tuntum
944 2530 1082 2602 Polynices
1103 2531 1249 2609 insepultus
1269 2521 1361 2609 proiici
1382 2538 1421 2591 iu·
1491 2499 1495 2534 ⁴

302 2623 385 2690 betur,
407 2617 475 2694 quod
496 2620 560 2674 civis
584 2619 682 2694 patriae
704 2635 775 2673 arura
795 2617 922 2675 intulerit.
964 2615 1030 2672 Eius
1052 2621 1090 2673 rei
1111 2621 1234 2674 atrocitas
1257 2623 1281 2675 si
1300 2620 1421 2694 augenda

303 2705 355 2763 elio
383 2706 489 2761 crimine
516 2710 594 2771 esset,
617 2701 677 2759 eddi
703 2708 813 2777 poteret,
841 2699 909 2776 quod
930 2701 1006 2758 alium
1029 2703 1157 2758 civitatem
1178 2701 1297 2760 hostilem
1320 2703 1421 2762 Thebis

301 2788 467 2848 reddidisset.
494 2786 525 2844 Id
545 2806 606 2844 vero
629 2786 661 2844 de
681 2804 730 2842 suo
753 2785 876 2842 adiiceret
897 2784 973 2853 Creo,
994 2789 1035 2842 oui
1057 2787 1210 2862 simpliciter
1228 2806 1254 2844 v.
1265 2782 1347 2846 775.
1371 2788 1421 2846 Po-

303 2877 406 2945 lynicen
433 2874 566 2948 sepultura
596 2870 732 2948 prohibere
760 2869 908 2926 prandeturu
936 2870 1033 2926 iuerat:
1056 2889 1139 2944 neque
1159 2871 1280 2928 Eteocles
1301 2871 1374 2929 aliud
1395 2893 1422 2930 v.

304 2954 378 3017 756.
411 2959 520 3031 aliisque
547 2951 696 3033 tragoediae
720 2955 793 3024 locis,
820 2973 895 3028 quarn
918 2973 991 3010 arma
1010 2962 1110 3030 patriae
1132 2956 1203 3013 illota
1225 2956 1299 3012 fratri
1322 2959 1421 3014 obiicit.

306 3043 393 3107 Quare
415 3046 438 3098 si
459 3039 587 3103 servanda
607 3047 669 3097 suni
689 3039 767 3095 verba
787 3038 842 3104 illa,
863 3037 1025 3096 scribendum
1048 3032 1421 3112 1ο11,ο11εεῑ,συνοπλοις

392 3123 483 3185 1644.
505 3126 571 3182 Post
590 3124 660 3182 lnuoc
681 3141 782 3180 versum
801 3124 864 3226 libri
884 3121 989 3180 hebent
999 3123 1169 3199 Sophoclis
1162 3142 1189 3181 ro
1209 3082 1343 3202 dntigoou
1367 3145 1423 3183 ver·

306 3231 363 3269 suro
387 3208 437 3269 29.
460 3202 566 3270 1ᾶνῦ’
591 3201 817 3280 ἄκλαυστον,
795 3227 926 3289 οταφον,
949 3205 1068 3278 οἰωνοῖς
1087 3201 1194 3287 βορόν,
1218 3212 1358 3272 substituto
1368 3212 1424 3286 βο

306 3316 363 3378 ραν
383 3288 575 3436 Ι,1114567166
583 3284 852 3454 Ι661οω661όττύχων
872 3375 986 3452 νεκρῶν
1005 3369 1103 3455 γόους.
1145 3377 1208 3436 Non
1227 3383 1305 3455 ponci
1320 3379 1424 3438 codices

306 3454 480 3542 speusippus
501 3452 635 3539 θρήνους
657 3461 781 3538 νεκρῶν,
802 3459 871 3538 quod
891 3460 1041 3518 Brunokius
1063 3471 1089 3519 et
1108 3461 1243 3522 Porsouus
1264 3477 1426 3542 receperunt,

309 3567 386 3624 quum
413 3545 586 3604 Valckenario
611 3550 797 3647 pronuntiare
805 3547 926 3610 libuisset
946 3564 997 3602 non
1021 3547 1120 3604 Graece
1127 3547 1203 3646 dici,
1225 3549 1323 3625 quod
1315 3570 1342 3607 in
1364 3553 1425 3608 eliis

308 3629 428 3689 undecim
456 3628 586 3688 codicibus
614 3639 662 3702 est,
688 3621 871 3730 τριπτύχους
892 3620 1028 3706 θρήνους
1048 3631 1168 3710 νεκρῶν.
1210 3634 1282 3692 Satis
1303 3635 1428 3694 refutavit

309 3714 509 3772 Valckenariuiu
537 3713 671 3786 Matthiae,
699 3719 723 3773 si
744 3733 809 3791 opus
831 3721 886 3771 erat
904 3714 1014 3772 refutari
1034 3714 1139 3784 dicturo,
1161 3717 1230 3792 quod
1248 3739 1329 3794 qurum
1350 3727 1426 3779 urire·

310 3802 361 3858 bile
383 3803 417 3857 sit
439 3819 454 3855 a
476 3819 601 3876 quoquaur
623 3801 735 3878 proferri
755 3801 881 3874 potuisse,
902 3807 957 3856 tum
979 3801 1060 3857 inulto
1083 3803 1225 3860 urirolrilius
1247 3813 1288 3862 est
1298 3805 1425 3880 prolatum

310 3905 369 3942 esse
391 3886 422 3941 ob
444 3905 485 3962 eo,
507 3887 549 3960 qui
571 3884 709 3960 Euripiden
732 3900 802 3938 more
822 3885 966 3940 rectissime
971 3878 1232 3984 τριπτύχωνθ’
1214 3891 1427 3969 ηνουςνεκριῐιν

311 3969 360 4028 dici
383 3969 477 4026 oursel.
520 3969 648 4033 Quoniam
676 3967 824 4024 credibilius
851 3975 890 4024 est
916 3959 1051 4044 θρήνους
1072 3989 1147 4044 quum
1169 3991 1259 4048 γοοος
1279 3977 1428 4050 interpretis

310 4055 461 4112 vocobulum
489 4073 556 4122 esse,
584 4053 641 4110 dedi
666 4045 850 4128 τριπτύχους
875 4053 987 4130 νεκρῶν
1012 4046 1110 4132 γόους.
1153 4055 1427 4119 8ε1ιο11κτ1εεεέκλι·

312 4141 414 4198 ποῦσα
434 4131 508 4209 ,τοῦς
529 4129 664 4213 θρήνους
684 4137 745 4194 τῶν
765 4137 859 4213 τριῶν
879 4155 999 4210 νικρων.

399 4220 579 4280 16411111.
601 4229 662 4279 vett.
684 4229 711 4278 et
732 4222 806 4278 urulti
828 4217 1186 4298 οοόίοοετὴνείςιοῦσον,
1210 4226 1256 4284 elii
1278 4220 1430 4303 multiscius

312 4303 467 4368 ἐπιοῦσαν.
508 4305 641 4364 LiberP.
663 4312 689 4363 et
709 4304 782 4362 Flor.
804 4304 832 4362 2.
854 4300 910 4383 τήν
930 4304 1047 4379 λοῦσαν,
1069 4308 1138 4383 quod
1158 4311 1427 4370 restituitPorsonus.

279 4412 283 4421 ·
400 4389 490 4451 1649.
518 4388 591 4447 Libri
618 4383 755 4459 ἀθλίοις,
785 4387 853 4463 quod
880 4411 894 4448 e
921 4391 1041 4452 Burnesii
1061 4396 1209 4452 coniectura
1228 4393 1429 4466 Valckenarius,

236 4543 244 4552 .
312 4482 405 4551 quique
434 4473 502 4531 hunc
528 4476 602 4549 sequi
623 4480 847 4544 consueverant,
839 4496 867 4532 ro
888 4467 995 4537 ἄθλιοι
1018 4487 1188 4550 mutaverunt.
1230 4479 1310 4538 Recte
1332 4480 1428 4538 Scinas-

311 4559 384 4616 ferus
405 4557 439 4615 ed
459 4557 572 4616 Personi
593 4559 702 4620 Oresten
723 4578 749 4618 v.
771 4555 843 4617 352.
863 4555 986 4633 ἀθλίοις
1006 4561 1129 4620 defendit.
