3026 5134
686 263 710 335 7

134 484 259 532 ποντα
290 454 354 532 καὶ
388 453 461 530 σύν
495 454 598 554 αύτῷ
634 453 703 531 τόν
741 453 937 554 δεσπότην,
971 457 1040 534 ούκ
1071 455 1179 544 είδάις
1211 459 1262 544 ὡς

135 569 391 672 πατροκτόνος
419 575 583 675 γέγονεν,
620 572 702 657 ἑνός
733 571 855 670 μόνον
886 583 964 650 τῶν
998 576 1260 674 συνεπομένων

135 692 251 789 Λαίῳ
277 686 542 792 διαφυγόντος,
569 689 608 775 ἀς
633 691 680 788 δὴ
706 691 770 766 καὶ
793 691 861 768 τόν
877 687 998 791 φόνον
1014 692 1171 793 ὕστερον
1185 692 1260 768 διε-

137 806 329 909 σάφησεν,
361 808 411 893 δίς
443 832 534 907 φησι
566 815 764 908 Σοφοκλῆς
795 812 837 885 ἐν
873 808 1047 887 Ολδίποδι
1071 807 1258 910 τυράννῳ.

135 923 220 1002 τότε
246 923 316 1004 οὗν
344 925 523 1010 Οἰδίπους
546 925 634 1009 τοὺς
658 935 726 1002 τοῦ
751 927 877 1002 Λαίου
897 929 1031 1012 ίππους
1048 925 1181 1028 λαβιόν
1195 927 1259 1002 καὶ

91 1039 96 1048 ’
136 1040 263 1152 πάντα
293 1041 342 1118 τά
363 1044 515 1135 αὐτοῦ,
548 1041 828 1142 καταλαμβάνει
860 1043 930 1142 τὴν
961 1042 1169 1143 Κόρινθον,
1195 1044 1259 1120 καὶ

105 1268 108 1272 ‚
137 1158 269 1248 διδοὺς
298 1169 420 1238 ταῦτα
444 1158 569 1238 πάντα
595 1158 764 1261 Πολύβῳ
789 1161 932 1260 τροφὰς
944 1165 1090 1240 ἐκεῖθεν
1107 1164 1258 1258 ἀναχω-
1343 1241 1345 1248 .

137 1284 206 1380 ρεῖ,
232 1276 300 1354 τὸν
324 1278 407 1374 περὶ
430 1287 496 1378 τῆς
512 1278 780 1378 πατροκτονίας
799 1279 863 1353 καὶ
886 1289 951 1377 τῆς
967 1288 1012 1376 τῇ
1029 1279 1143 1382 μητρί
1167 1304 1258 1357 συν-

136 1392 310 1480 ελεύσεως
337 1396 510 1495 χρησμὸν
544 1393 694 1481 δεδιώς·
738 1397 830 1494 η’ίετο
854 1396 928 1498 γὰρ
954 1399 1114 1497 πατέρας
1139 1393 1257 1496 αὐτοῦ

134 1521 190 1614 τῷ
218 1514 297 1590 ἀντι
323 1512 507 1613 Πόλυβον
530 1514 594 1589 καὶ
618 1513 688 1612 τὴν
712 1513 854 1590 ἐκείνου
878 1520 1040 1615 γυναῖκα
1062 1514 1168 1591 εἶναι.
1194 1513 1257 1590 καὶ

135 1633 348 1730 ἀφικνεῖται
378 1631 471 1730 πρὸς
506 1628 643 1730 Οήβας,
671 1635 710 1706 αἳ
731 1629 783 1727 ’δὴ
808 1630 872 1704 καὶ
896 1630 971 1706 ὑπὸ
996 1639 1060 1726 τῆς
1084 1631 1257 1776 Σφιγγὸς

134 1745 441 1852 ε’χειμάζοντο’
397 1778 492 1860 τοτε,
514 1745 706 1848 χρησμούς
723 1776 768 1824 τε
789 1745 1037 1848 ῥαφωδουσης
1049 1748 1112 1821 και
1126 1748 1256 1825 ὅντινα

133 1864 309 1966 βούλοιτο
332 1875 412 1945 τῶν
436 1855 598 1944 πολιτῶν
622 1863 858 1966 αρπαζουσης
870 1895 933 1942 και
921 1861 1254 1976 διαφθειρούσης,

134 1984 200 2060 διὰ
232 1985 276 2060 τὸ
307 1984 360 2083 μὴ
392 1985 558 2062 συνιέναι
591 1993 690 2086 σφᾶς
715 1993 794 2062 τῶν
819 1983 877 2058 ἀπ
907 1983 1021 2080 αὐτῆς
1046 1982 1255 2098 λεγομένων

130 2111 325 2250 χρησμῶν.
352 2099 509 2205 ἀπήγαγε
534 2102 576 2178 δι’
601 2099 742 2200 ταύτην
766 2133 787 2177 ο
772 2102 913 2200 ’Άρης
941 2091 1176 2200 Οηβαίοις,”
1156 2127 1255 2196 αμυ

132 2217 289 2319 νόμενος
315 2220 452 2306 αύτούς
475 2219 541 2296 διδι
565 2219 633 2298 τόν
656 2227 725 2295 τοῦ
748 2217 882 2302 παιδὸς
901 2214 1170 2316 δράκοντος’
1119 2244 1253 2316 φονον,

133 2339 180 2416 ὃν
205 2339 225 2413 ό
250 2336 404 2437 Κάδμος
430 2339 548 2416 ἀνεῖλε
572 2336 747 2420 καὶτοὺς
772 2333 930 2421 ὀδόντας
944 2335 1062 2410 αὐτοῦ
1075 2334 1253 2432 ἔσπειρεν,

132 2441 174 2543 ἔξ
197 2450 253 2534 ὦν
278 2454 521 2556 ἀνεφάνησαν
544 2456 581 2530 οἱ
604 2453 793 2558 Γίγαντες.
817 2449 866 2552 ἦν
891 2451 932 2528 δι’
957 2453 1064 2552 τέρας
1086 2450 1256 2553 ἡΣφλγξ

132 2574 329 2676 πρόςωπον
360 2559 432 2674 μίν
463 2577 600 2670 ἔχουσα
624 2566 841 2678 παρθένου,
859 2575 999 2669 στῆθος
1024 2568 1155 2646 δὲκαὶ
1175 2572 1254 2664 χεῖ-

132 2722 203 2794 ρας
232 2693 296 2768 καὶ
326 2689 445 2777 πόδας
468 2692 532 2768 καὶ
560 2693 698 2788 όνυχας
722 2691 879 2778 λέοντος,
906 2687 1066 2786 οάραίαν
1091 2684 1132 2763 δό
1159 2683 1254 2784 δρά-

130 2837 275 2900 κοντος,
307 2809 422 2908 πτερά
455 2809 497 2887 δὲ
522 2811 697 2910 ὄρνιθος’,
729 2808 781 2884 δι’
822 2801 878 2884 ὦν
911 2808 1054 2882 ἵπτατο.
1080 2807 1184 2900 ἔτυχε
1210 2799 1252 2878 δὲ
1306 2830 1309 2835 ·

130 2937 252 3006 τοῦτο·
269 2935 423 3004 εἰποῦσα
448 2925 595 3006 τοιοῦτό
614 2957 657 3004 ’τι
681 2933 758 3013 τοῖς
786 2923 961 3027 Θηβαίοις
985 2921 1067 3002 τότε
1081 2926 1251 3025 α’ίνιγμα,

132 3047 185 3132 τός
204 3044 470 3144 Ἀσκληπιάδης
494 3042 715 3149 ἀναγράφει·

100 3303 102 3308 .
182 3231 260 3308 ἔστι
284 3230 423 3308 δίπουν
447 3229 506 3304 ἀπὶ
530 3236 597 3331 γῆς
621 3226 685 3302 καί
707 3224 903 3374 τετράπον,
930 3219 975 3301 οὗ
999 3224 1069 3322 μία
1094 3222 1217 3368 φωνή,

182 3351 246 3427 καὶ
270 3349 419 3496 τρίπον·
447 3342 620 3422 ἀλλάσσει
644 3343 686 3420 δὲ
704 3343 808 3444 φυὴν
820 3340 952 3441 μόνον,
968 3341 1077 3418 ὅσδ
1061 3339 1120 3415 επὶ
1136 3345 1251 3448 γαῖαν

183 3467 316 3567 ἑρπετὰ
340 3472 495 3573 κινεῖται
521 3460 595 3542 ἀνά
620 3493 642 3538 τ
678 3461 814 3562 αίθέρα
839 3491 902 3537 και
927 3458 1021 3535 κατὰ
1048 3455 1197 3534 πόντον

183 3585 305 3661 ἀλλ’
287 3581 429 3661 οπόταν
452 3578 666 3659 πλεόνεσσιν
691 3577 925 3681 ἐρειδόμενον
950 3576 1037 3653 ποσι
1062 3574 1191 3719 βαίνη,

182 3705 281 3779 ε’νθα
304 3703 415 3801 μένος
438 3699 600 3853 γυίοισιν
624 3694 884 3799 ἀφαυρότερον
909 3695 1005 3772 πέλει
1030 3693 1167 3768 αὐτοῦ.

133 3863 247 3968 οὗπερ
279 3849 633 3972 ἀγνοουμένουέκη
587 3865 720 3966 κηρυξε
741 3863 925 3966 Κρέων
906 3895 926 3937 ο
953 3829 1113 3968 ἀδελφός
1130 3852 1248 3930 Ἰοκά-
1345 3960 1347 3968 J

133 4009 221 4082 στης
245 3993 309 4082 τῆς
320 3984 595 4086 βασιλίσσης,
566 4013 629 4072 ως,
655 3983 750 4066 οςτις
773 3980 883 4078 εύροι
899 3978 943 4052 τὸ
968 3980 1136 4118 α’ίνιγμα,
1161 3969 1249 4048 τού

131 4133 187 4204 τῳ
212 4100 397 4202 συνάψειν
417 4103 488 4202 τὴν
508 4097 684 4206 ἀδελφήν.
740 4095 917 4180 Οἰδίπους
941 4091 1050 4182 δέ,
1022 4121 1073 4175 ως
1094 4091 1247 4198 ἔφημεν,

131 4219 319 4324 διάγωνέ
319 4224 376 4295 κεῖ
403 4215 506 4307 τότε,
536 4211 699 4302 ἀκούσας
722 4214 770 4324 τά
778 4209 1015 4355 κηρύγματα
1039 4205 1117 4286 λύει
1141 4233 1179 4282 τε
1205 4205 1248 4283 τό

132 4345 289 4443 αἴνιγμα
320 4345 385 4436 τῆς
419 4331 592 4436 Σφιγγὸς
621 4332 685 4408 καί
716 4325 798 4430 τὴν
810 4357 949 4428 μητερα
974 4327 1043 4404 οὐκ
1067 4325 1174 4412 ελδολς
1198 4333 1253 4412 εἰς

132 4463 294 4560 γυναῖκα
319 4450 515 4554 λαμβάνει.
539 4452 645 4529 ε’λοσε
669 4449 776 4528 δε
738 4448 868 4540 ούιως,
894 4446 945 4533 ὥς
970 4469 1080 4548 φασι
