3028 5136
691 289 729 342 IX

160 483 231 531 rum
261 459 325 534 boc
353 483 482 558 qnoque
508 483 605 558 qoam
636 457 882 532 excusationem
911 457 1032 533 babeat
1058 457 1198 557 exposui
1222 457 1259 530 in

160 575 411 670 dissertatione,
435 601 518 675 qnae
543 577 672 650 adiecta
694 583 745 648 est
765 574 903 649 editioni
923 576 993 650 eins
1015 577 1167 670 fabulae,
1185 574 1261 650 edi·

159 701 213 767 111
236 718 268 766 1.
297 693 408 766 1821.
464 694 646 768 1111111111
670 693 722 766 bis
747 691 786 768 C.
807 691 853 769 G.
874 691 1073 768 Firnbaberi
1096 692 1260 766 uindiciae

109 889 115 898 ,
158 811 193 882 11
214 811 475 884 Zimmermanni
504 812 631 888 diurnis
656 812 850 909 antiquariis
878 813 1042 887 11837.
1068 836 1102 885 1.
1120 811 1181 885 50.
1199 810 1259 886 51.

160 929 257 1022 Quod
281 931 311 1002 si
330 930 365 1000 in
385 930 573 1002 inventione
594 931 778 1026 argumenti
799 928 884 1001 nibil
907 938 975 1023 est,
1002 928 1088 1028 qood
1107 929 1259 1002 Alcestin

159 1073 224 1121 non
246 1048 391 1146 patiatur
411 1071 484 1120 esse
505 1047 729 1145 tragoediam,
753 1049 855 1120 multo
873 1049 979 1121 minus
995 1047 1168 1145 quidquam
1183 1047 1260 1118 illa-

159 1189 230 1236 rum
259 1189 389 1258 rerum,
418 1189 501 1262 quae
528 1165 682 1264 propriae
710 1173 787 1238 sunt
810 1157 935 1238 'fabulis
961 1166 1132 1262 satyricis,
1157 1164 1193 1235 in
1220 1188 1261 1238 ea

158 1283 346 1380 reperitur,
368 1305 435 1354 non
454 1283 576 1379 satyri,
602 1307 667 1354 non
689 1282 774 1374 ioci,
801 1284 1093 1380 1111111111111,
1118 1282 1261 1356 11111-

158 1400 284 1493 sciuia,
309 1399 449 1496 deniquo
470 1425 535 1472 non
559 1397 660 1472 dictio
681 1423 743 1471 nec
764 1401 892 1474 numeri
913 1425 1065 1474 uersuum
1090 1401 1204 1497 quales
1223 1399 1260 1474 in

158 1518 323 1614 satyricis.
374 1516 462 1609 Quid
481 1517 583 1614 igitur
604 1515 809 1588 statuamus?
862 1516 969 1607 Quum
992 1517 1046 1588 illi
1062 1518 1262 1592 scholiastae

158 1633 323 1708 Vaticano
344 1643 460 1731 quarta
486 1633 681 1730 tetralogiac
704 1631 816 1704 fabula
844 1632 1012 1707 nominata
1036 1634 1081 1707 sit
1099 1634 1260 1726 Alcestis,

159 1752 259 1825 facile
281 1751 388 1850 quivis
410 1752 445 1824 in
468 1775 539 1825 eam
560 1750 741 1824 adducatur
760 1751 960 1849 opinionem,
985 1775 1079 1849 quam
1103 1761 1178 1825 1111
1200 1751 1262 1824 bos

160 1869 242 1942 duos
279 1893 383 1942 annos
418 1869 562 1966 eleganti
599 1867 829 1942 dissertatione
863 1867 1010 1942 defendit
1038 1867 1134 1942 Frid.
1168 1867 1261 1943 Guil.
1342 1893 1351 1918 ⁸

161 1985 335 2080 Glnmius,
366 1987 402 2058 11
433 1988 542 2064 locum
577 1995 761 2083 satyrorum
796 1989 965 2060 suffectam
999 2013 1071 2062 essa
1104 1986 1262 2080 fabulam,

160 2129 244 2202 quae
273 2103 445 2201 tragoedia
475 2105 603 2203 quidem
635 2113 743 2197 esset,
782 2105 841 2179 sed
871 2115 1000 2199 tamen,
1034 2104 1121 2204 qnod
1155 2127 1262 2204 neque

50 2318 53 2324 ι
160 2230 258 2296 atrox
288 2221 417 2294 facinus
452 2222 637 2296 contineret
666 2230 700 2296 et
733 2222 858 2294 exitum
886 2222 1023 2298 baberet
1058 2223 1262 2317 laetabilem,

160 2333 248 2412 baud
277 2338 389 2437 inepte
422 2338 587 2412 videretur
611 2338 652 2410 ad
672 2338 885 2412 relaxandam
908 2363 1174 2436 praegressarum
1192 2349 1264 2414 111-

159 2457 349 2555 goediarum
376 2455 545 2528 tristitiam
570 2463 604 2529 11
630 2457 837 2528 severitatem
863 2481 937 2529 esse
962 2457 1121 2531 adbibita.
1151 2455 1265 2557 ¹Spe·

160 2573 344 2648 ciosissima
376 2598 456 2647 sane
488 2574 571 2648 bace
602 2575 793 2648 coniectura
822 2580 894 2665 est,
934 2581 968 2647 11
988 2575 1135 2648 11111111
1166 2601 1263 2650 verer

160 2715 226 2764 non
258 2698 310 2765 est
337 2699 447 2764 tamen
472 2691 704 2785 infitiandum,
739 2691 770 2764 si
801 2691 988 2766 accuratius
1023 2692 1263 2788 consideretur,

161 2809 331 2882 dubitandi
353 2808 442 2881 baud
467 2811 619 2906 exiguam
640 2810 784 2908 relinqui
812 2809 992 2885 materiam.
1042 2808 1128 2883 Nam
1155 2812 1263 2910 primo

16 2921 18 2926 '
96 2911 98 2914 ¹
160 2929 338 3026 permirum
365 2935 434 3020 est,
460 2929 568 3025 qnod,
594 2937 750 3028 qnantum
775 2929 906 3026 quidem
928 2928 1034 3002 adbuc
1061 2937 1263 3026 compertum

160 3045 337 3137 babemus,
379 3045 491 3116 nullos
523 3055 669 3120 ueterum
702 3045 899 3118 mentionem
937 3045 1018 3119 11111
1054 3047 1264 3144 tetralogiae,
1349 3107 1353 3114 .

161 3187 244 3260 quac
268 3169 355 3236 esset
376 3184 420 3234 ex
448 3169 602 3257 quattuor
622 3160 803 3256 tragoediis
827 3163 1020 3259 composita.
1072 3161 1265 3238 Cuiusmodi

161 3278 357 3375 tetralogiae
383 3278 412 3349 si
433 3278 574 3351 usitatae
598 3279 749 3371 fuemnt,
785 3278 901 3351 credas
923 3279 1064 3375 aliquem
1091 3287 1200 3354 tamen
1223 3281 1264 3356 da

161 3421 203 3470 11
216 3421 254 3494 11
276 3394 399 3492 aliquid
415 3393 578 3467 dicturum
599 3397 719 3488 fuisse3
749 3396 801 3468 sin
820 3404 927 3470 antem
947 3395 1137 3492 inusitatae,
1159 3400 1264 3473 multo

162 3514 269 3586 minus
298 3511 442 3609 intelligi
474 3521 603 3611 potest,
629 3514 686 3611 qui
712 3514 835 3588 sactum
861 3514 925 3606 sit,
960 3493 1016 3606 ut,
1046 3515 1132 3612 qood
1161 3519 1265 3592 semel

160 3633 322 3706 iterumve
350 3630 470 3728 aliquis
500 3641 599 3728 pocta
629 3632 784 3727 iecisset,
818 3656 913 3705 nemo
946 3640 1110 3728 tamquam
1144 3659 1264 3708 nouum

163 3751 239 3844 quid
270 3757 304 3824 et
332 3748 499 3846 singulare
525 3749 743 3823 adnotaverit.
798 3748 930 3823 Deinde
957 3773 1042 3847 pene
1070 3750 1265 3824 incredibile

164 3873 234 3954 est,
256 3868 349 3939 illum
378 3867 488 3965 ipsum
513 3869 780 3964 grammaticum,
810 3867 866 3964 qui
890 3866 1044 3939 Alcestin
1068 3875 1184 3962 quarto
1211 3875 1266 3940 tc-

164 3980 324 4076 tralogiae
345 3986 420 4057 loco
444 3985 567 4082 posuit,
592 4009 728 4083 eamque
750 3985 895 4056 fabulam
917 3991 1054 4081 propter
1075 4007 1184 4055 rernm
1203 3982 1267 4056 ad-

164 4118 331 4169 uersarum
355 4100 391 4170 in
417 4103 578 4177 secundas
608 4103 856 4178 conversionem
887 4101 1024 4199 propius
1059 4099 1100 4172 ad
1132 4124 1267 4175 comoe-
1413 4129 1417 4141 ·

164 4214 252 4287 diam
276 4213 433 4287 accedere
457 4219 563 4315 dixit,
584 4248 651 4296 non
673 4222 710 4293 id
729 4219 916 4312 addidisse,
940 4219 980 4291 ad
1006 4218 1092 4316 quod
1113 4219 1185 4317 ipse
1207 4221 1267 4296 ille

165 4331 246 4407 ordo
269 4330 431 4423 ducebat,
458 4338 665 4445 substitutam
691 4364 765 4413 csse
788 4339 821 4410 in
846 4340 954 4412 locum
977 4345 1181 4432 satyrorum,
1208 4341 1267 4414 scd

164 4451 246 4526 satis
264 4448 419 4524 babuisse
438 4447 556 4528 afferre
575 4456 732 4530 iudicium
748 4457 937 4533 criticorum
961 4455 1013 4530 bis
1033 4456 1154 4551 verbis,
1184 4483 1267 4556 qnae
