2994 5128
765 305 825 412 ru

233 530 308 603 dem
333 551 395 601 sex
421 526 536 600 diebus
560 513 648 623 ¹opius
675 513 759 598 erat.
812 513 1024 623 Omninoque
1057 487 1172 624 parom
1196 513 1283 599 'veri
1314 527 1363 600 si-

233 657 311 728 mile
338 662 403 747 est,
429 659 467 727 ut
491 641 635 750 Pylades
661 642 801 724 amioum
820 675 913 724 suum
929 652 1040 726 statim
1055 641 1361 752 desereretprne·

234 783 348 855 sertim
375 805 473 878 quum
499 780 763 878 periclitaturum
796 778 836 849 ab
862 778 999 876 Argivis
1033 802 1076 851 en
1112 779 1227 852 matris
1253 781 1361 854 inter-

234 908 379 981 lectione
396 906 600 1004 praevidere
627 907 774 979 deberet.
826 904 924 998 Quod
951 905 1000 997 si,
1038 895 1076 977 ut
1108 929 1249 1003 aequum
1273 916 1354 999 erut,

233 1034 412 1106 mansisset
436 1033 560 1129 Argis,
598 1033 855 1124 nibilominus,
890 1032 990 1104 immo
1025 1032 1130 1104 multo
1155 1031 1357 1130 probabilius
1493 1043 1494 1048 ’

170 1219 173 1224 .
235 1161 398 1251 affuisset,
425 1183 524 1255 quum
551 1158 754 1230 adiuvandus
779 1159 814 1230 in
840 1157 1021 1231 occidenda
1041 1156 1175 1232 Helena
1199 1157 1362 1231 tuendus-
1493 1257 1494 1260 Ἴ

236 1311 300 1384 que
326 1285 484 1358 adversus
510 1284 703 1358 Menelaum
728 1293 801 1357 erat
826 1282 982 1357 Orestes.
1493 1277 1494 1288 ’

337 1409 467 1484 Eadem
495 1411 636 1484 molesta
661 1411 845 1484 subtilitate
877 1410 977 1484 fiuxit
1001 1403 1184 1509 Euripides
1210 1411 1362 1508 eborum,

237 1562 336 1635 quum
362 1517 474 1610 ridere
499 1538 611 1611 iussus
644 1545 697 1610 est
728 1561 771 1609 ne
804 1537 878 1633 quis
910 1536 952 1608 ad
979 1537 1078 1610 aedes
1104 1537 1362 1634 appropinquet,

237 1666 314 1738 dnm
339 1663 472 1736 lleleuo
496 1665 735 1756 interficiatur,
771 1689 853 1736 vano
880 1664 1023 1761 strepitu
1047 1664 1199 1737 territum
1225 1686 1363 1761 gressus

236 1792 352 1864 audire
378 1790 442 1863 sibi
469 1791 575 1864 rideri
608 1791 811 1889 cuiuspiam,
848 1815 944 1887 quem
978 1790 1087 1863 statim
1124 1791 1251 1863 nullurn
1288 1811 1364 1863 esse

235 1918 410 2015 intelligit.

340 2043 468 2117 Contra
494 2044 630 2141 egregia
656 2050 728 2116 arte
761 2041 930 2117 elaborata
962 2051 1015 2116 est
1050 2043 1193 2116 eunuchi
1216 2040 1364 2142 Phrygis

235 2193 395 2270 persona,
422 2171 483 2242 sub
508 2195 574 2267 qua
599 2172 665 2243 etsi
684 2195 750 2243 non
769 2171 882 2269 inepte
900 2169 1117 2268 Musgrarius
1142 2178 1274 2268 poetam
1299 2194 1366 2267 pu-

237 2306 288 2371 tat
313 2297 493 2370 Persarum
518 2298 691 2370 mollitiam
727 2304 825 2395 atque
857 2297 1065 2370 timiditatem
1102 2298 1186 2369 risui
1222 2303 1257 2370 et
1282 2321 1366 2369 con-

236 2424 379 2522 temptui
413 2422 666 2496 Atheniensium
702 2424 848 2496 uoluisse
883 2448 1075 2521 exponere,
1112 2430 1222 2498 tamen
1256 2424 1366 2522 magis
1490 2424 1496 2478 ἴ

239 2551 435 2625 crediderim
463 2551 724 2638 semimitatum
750 2575 825 2623 esse
850 2549 1066 2648 Aeschylum,
1100 2545 1156 2623 eui
1179 2549 1215 2621 id
1250 2550 1367 2624 consi·

237 2679 319 2750 linrn
355 2677 390 2749 in
423 2675 582 2750 Hectoris
614 2678 730 2750 lustris
763 2677 866 2750 luisse
899 2677 1042 2750 ridetur.
1093 2675 1149 2749 De
1182 2700 1223 2748 eo
1254 2675 1367 2750 Atbc·

237 2829 341 2878 uacus
367 2803 400 2875 Ι.
426 2829 462 2901 p.
489 2808 552 2878 21.
580 2801 625 2875 ll.
643 2799 915 2900 Ἀριστοφάνης
939 2811 1048 2904 γοῦν,
1086 2798 1188 2900 παρὰ
1221 2797 1264 2881 δὲ
1287 2806 1369 2886 τοῖς

238 2933 415 3026 κωμικοῖς
437 2926 462 3024 ἡ
490 2927 675 3026 περὶτῶν
700 2935 889 3030 τραγικῶν
914 2925 1103 3003 ἀπόκειται
1124 2925 1256 3018 πίστις,
1283 2955 1368 3004 ποι-

236 3059 273 3129 εῖ
298 3052 416 3130 αὐτὸν
440 3054 631 3150 Αἰσχύλον
656 3053 828 3157 λέγοντα·
911 3071 916 3082 ’

519 3185 616 3256 τοῖσι
644 3187 772 3283 χοροῖς
797 3179 981 3265 adederat
1006 3178 1164 3280 σχήματ’
1193 3177 1366 3258 ἐποίουν·

238 3304 460 3384 audaciter·

721 3431 809 3517 τοὺς
835 3429 993 3536 Φρύγας
1017 3431 1103 3508 oldae
1128 3433 1291 3531 θεωρῶν

343 3555 403 3632 ὅτε
428 3565 482 3657 τῷ
510 3559 677 3659 Πριάμῳ
713 3555 981 3656 συλλυσόμενοι
1013 3557 1082 3636 τὸν
1107 3557 1213 3636 παῖδ’
1242 3554 1369 3657 ἦλθον

877 3688 1083 3775 τεθνεῶτα,

341 3808 458 3885 πολλοὶ
489 3809 636 3887 τοιαυτὶ
669 3809 733 3889 καὶ
764 3811 909 3890 τοιαυτὶ
942 3811 1006 3898 καὶΙ
1037 3810 1151 3910 δεῦρο
1185 3809 1371 3909 σχηματί-

755 4023 757 4027 ,
880 3962 1030 4023 οαντας.

239 4065 316 4157 Qua
351 4071 423 4138 arte
456 4063 602 4163 Phrygis
638 4091 794 4164 precarem
837 4067 1043 4165 expresserit
1082 4064 1266 4163 Euripides
1304 4089 1370 4138 nos

239 4191 372 4288 quidem
398 4207 442 4270 ex
469 4194 578 4266 verbis
604 4201 729 4268 tantum
757 4202 791 4266 et
816 4195 962 4266 numeris
987 4215 1163 4291 possumus
1189 4191 1370 4288 colligere,

241 4317 374 4415 penitus
400 4328 508 4392 autem
534 4322 785 4419 percipiebant,
820 4322 936 4417 quiet
962 4329 1078 4419 gestus
1104 4318 1246 4393 bominis
1272 4317 1374 4391 ride·

241 4443 320 4516 bant
346 4452 381 4518 et
406 4447 581 4520 audiebant
607 4447 722 4520 modos
747 4445 904 4520 musicos.
962 4448 1058 4540 Quae
1093 4445 1123 4519 si
1155 4452 1375 4542 reputassent

241 4570 306 4664 illi,
335 4572 390 4668 qui
416 4574 501 4646 bano
527 4597 660 4647 scenam
684 4580 723 4644 ut
750 4572 838 4647 iusto
870 4569 1055 4671 longiorem
1082 4571 1286 4668 molestoque
1313 4570 1377 4643 lo-
