2996 5136
631 337 700 406 161

110 508 228 608 ταύτῃ
251 517 408 615 προςῆγι
429 513 526 611 χειρὶ
550 511 766 612 βαρβάροις,
786 515 900 616 ξίφος,
978 584 982 594 ,
1012 535 1016 547 “

111 636 191 719 ιὸςτ’
220 639 459 734 ἐκκολυμβᾶν
483 635 591 722 νοός·
630 635 802 737 ἠρήμωσε
829 641 870 716 dd

110 769 189 838 σῶν
214 763 422 860 ναυβατῶν
444 764 573 863 ἐρέτμ’.
616 766 676 840 dm'
704 765 845 844 oldam
869 767 911 843 dd
934 769 1009 866 βὰς

109 886 226 972 «ittig
249 890 286 972 ἐς
305 885 454 964 Ἑλλάδ’
481 888 590 964 εἶπεν
606 886 783 967 εὐθύνειν
808 888 915 990 ὃόρο.

110 1013 144 1086 οἳ
167 1009 207 1086 d'
223 1011 330 1087 ἱστὸν
351 1010 461 1111 ᾖρον,
494 1017 611 1114 οὔριοι
638 1015 678 1090 d'
701 1011 795 1110 ἧκον
818 1017 939 1103 πνοαί,

194 1357 288 1413 1627.
332 1349 431 1412 Libri:
454 1348 546 1435 ταύτῃ
570 1357 702 1436 προςῆγε
724 1351 800 1434 χειρὶ
823 1353 1023 1444 ὅεξιᾷςξίφος,
1047 1351 1114 1428 o‘r'cc'
1135 1355 1217 1419 ἐκκο-

95 1434 228 1514 Ιλυμβιῖν
250 1429 331 1508 ναός.
375 1434 568 1514 Aequiescant
588 1436 654 1508 his,
686 1447 771 1518 atque
791 1439 1012 1517 acquieverunt,
1050 1441 1151 1518 quibus
1172 1462 1217 1502 sa·

106 1517 143 1575 tis
164 1528 209 1576 est
230 1509 352 1597 intelligi
373 1518 461 1578 verba
482 1536 585 1599 posse:
621 1537 676 1598 ego
698 1539 753 1578 non
776 1519 892 1582 credam
918 1523 962 1581 sic
983 1523 1135 1600 scripsisse
1157 1523 1218 1584 Eu·

106 1598 241 1680 ripidem.
285 1600 360 1662 Nam
389 1612 419 1661 et
444 1603 528 1662 niodo
555 1599 630 1662 nude
653 1603 773 1682 positum
800 1613 845 1661 est
869 1601 955 1678 illud,
986 1602 1052 1677 ὥρι’
1073 1606 1216 1685 ἐκκολυμ-

105 1685 166 1765 βᾶν
188 1682 280 1760 ναός,
302 1683 377 1765 quod
398 1703 450 1764 per
469 1685 680 1764 grammaticam
702 1687 857 1757 rationem,
889 1706 943 1765 quo
965 1706 1020 1746 non
1044 1700 1149 1768 potest,
1171 1693 1216 1751 vet

103 1766 139 1827 ad
160 1769 254 1848 ipsum
269 1767 430 1830 Menelaum
452 1770 498 1830 vel
518 1768 554 1830 ad
576 1769 671 1833 socios
692 1770 754 1828 eins
774 1768 904 1850 Graecos
924 1769 1105 1835 referendum
1126 1785 1216 1846 cenet,

105 1861 150 1923 et,
183 1850 258 1931 quod
280 1854 360 1932 peius
383 1853 467 1911 ctiam
491 1860 550 1923 est,
588 1838 665 1932 propi
687 1849 771 1936 δεξιᾷ
799 1861 853 1912 tam
880 1853 1012 1933 languide
1033 1853 1137 1915 dietum
1160 1867 1214 1929 est,

104 1945 155 2007 nt,
181 1954 265 2014 quum
289 1937 408 2015 utroque
431 1936 575 2006 vocabulo,
590 1937 675 1999 iacile
699 1955 856 2010 careamus,
880 1935 1000 2000 alterum
1023 1949 1115 1998 utrum
1137 1951 1231 2005 certe.

105 2019 222 2079 omnino
244 2018 413 2080 eliciendum
435 2019 489 2091 sit,
523 2019 547 2078 si
572 2021 728 2082 oratione·
751 2020 834 2079 talem
858 2022 1084 2093 essevolumus,
1107 2024 1215 2104 qualem

104 2121 121 2161 a
141 2112 227 2181 poeta
252 2121 307 2162 non
327 2097 414 2183 plane
434 2098 564 2181 imperito
582 2103 738 2183 prolectam
756 2103 922 2166 existimare
939 2105 1091 2183 possimus.
1137 2106 1215 2167 Utri-

105 2204 160 2264 qoe
186 2204 240 2249 me
265 2186 446 2266 perversitati
477 2184 615 2249 medelam
638 2184 801 2248 adhibuisse
823 2197 911 2265 poto,
947 2199 1030 2266 quum
1052 2188 1217 2270 βαρβάροις

104 2267 473 2424 lttlttltltttrll
483 2266 852 2427 llttt¹tt³t⁰l¹ltlt
865 2267 1213 2417 ''lllttttdllll’

104 2433 198 2508 dator,
222 2455 305 2516 quum
328 2375 494 2516 βαρβεᾶροις
516 2375 703 2505 excidissdd.⁹
720 2393 939 2514 ldarltaridpud
960 2437 1085 2518 tragicos
1110 2440 1214 2522 seipsi

102 2516 279 2602 βαρβάρους
298 2539 403 2581 vocare
424 2520 527 2581 solent.

189 2661 283 2716 1630.
327 2652 429 2714 Libri:
471 2650 516 2716 ἐπ’
539 2648 653 2716 οἰάκων
675 2649 707 2715 di
728 2648 786 2732 βὰς
807 2649 898 2728 ἅναξ,
933 2651 976 2728 εἰς
992 2649 1110 2715 ‘Etttr'
1131 2651 1216 2719 edoceo

105 2732 251 2800 εὐθύνειν
274 2732 358 2817 δόρυ.
402 2737 562 2799 Barnesius
584 2734 623 2810 ἐς.
674 2735 733 2800 sed
755 2756 838 2797 nomo
856 2735 892 2797 ad
913 2737 1116 2816 ineptissimum
1138 2739 1215 2800 istud

103 2819 178 2896 ἅναξ
199 2818 327 2881 od'endit.
373 2819 451 2895 Quid
471 2841 541 2901 opus
562 2831 625 2881 erat
645 2821 776 2894 nomine,
800 2840 855 2899 qno
875 2819 1026 2881 Menelaus
1048 2820 1214 2901 designare·

100 2915 171 2978 tur,
195 2905 244 2969 uti
257 2923 320 2967 ‘noo
342 2914 454 2984 poterat
471 2903 510 2964 'de
531 2923 669 2983 qumquam
690 2904 747 2964 alio
768 2903 913 2983 cogitari?
938 2903 1005 2983 quid
1027 2916 1120 2968 autem
1142 2925 1214 2968 nuu-

103 2989 148 3048 cio
170 2988 202 3046 in
223 2997 346 3048 mentem
367 2987 464 3060 venit,
488 2987 535 3047 eui
557 2988 635 3047 solus
657 2987 885 3068 Theoclymenus
907 2984 983 3063 ἅναξ
1003 2999 1066 3062 est,
1096 3000 1127 3048 ut
1148 2989 1217 3051 Me-

103 3072 215 3131 nelaum
237 3072 294 3130 isto
316 3071 429 3132 nomine
449 3070 624 3155 appellaret,
662 3089 749 3148 queue
767 3071 843 3130 nullo
865 3070 948 3148 modo
969 3083 1081 3151 poterat
1101 3072 1215 3136 donaro

101 3172 227 3226 vocare,
262 3153 317 3214 nisi
345 3154 444 3214 saltem
472 3146 546 3228 νοιὸς
571 3151 729 3213 adiiceret?
771 3149 802 3212 ld
827 3151 1004 3214 scribendum
1029 3156 1082 3214 init
1107 3153 1211 3232 ἆιλᾶξ.

101 3236 289 3318 Hesychius:
315 3232 419 3314 ditate,
443 3235 674 3319 lopptappdvog.
705 3233 882 3322 'ldeodixit
902 3235 1063 3378 Euripides
1079 3237 1125 3300 ἐπ’
1148 3237 1213 3304 οἶά.

102 3344 166 3383 κων
194 3318 263 3401 βάς.
313 3319 388 3382 Nam
409 3321 602 3400 gubernator,
632 3329 663 3379 nt
691 3336 726 3377 ex
748 3337 775 3383 v.
797 3326 889 3381 1609.
913 3319 1101 3397 inteligitur,
1133 3333 1211 3385 retro

99 3413 228 3465 verterat
249 3423 363 3477 navem,
384 3403 549 3486 Aegyptum
572 3402 757 3484 repetiturus.

153 3539 280 3599 ''1631ss
324 3536 492 3617 Legebatnr
514 3530 615 3620 odoror
637 3526 763 3612 d‘duoo
784 3532 885 3595 orout.
935 3533 1052 3596 Dicitur
1074 3537 1210 3600 feminino

101 3639 211 3700 genere
229 3625 260 3680 ct
277 3615 381 3702 οὔριος
399 3631 429 3680 et
453 3619 550 3702 odolo.
595 3620 652 3680 llio
674 3617 790 3700 quidem
811 3617 990 3681 scribendum
1011 3618 1077 3681 duni
1101 3621 1211 3704 οὔριοι,

101 3704 186 3764 sicuti
215 3702 316 3780 οὔριοι
338 3704 430 3766 πνοαὶ
456 3705 483 3764 in
506 3705 628 3768 Hecuba
648 3725 677 3763 v.
694 3712 768 3766 000.
793 3711 821 3762 et
841 3700 1001 3762 Troadibus
1022 3724 1051 3762 v.
1071 3713 1144 3768 882.
1169 3708 1209 3768 Ιο-

100 3788 197 3866 gitur,
220 3788 275 3850 etsi
299 3807 382 3869 supra
402 3811 429 3850 v·
452 3796 544 3855 1607.
568 3788 669 3872 οὔριοι
689 3786 724 3856 ad
744 3783 896 3866 dmodp‘ool
919 3783 1058 3846 adiectum
1074 3790 1207 3868 praetuli.

100 3869 134 3929 ln
163 3871 317 3930 formarum
348 3873 489 3932 electione
516 3873 611 3932 subtili
636 3872 799 3950 ‘elegantiae
825 3887 911 3927 sensu
935 3867 1074 3929 ducuntur
1093 3883 1207 3950 poetae,

99 3951 182 4012 modo
209 3955 271 4013 soni
293 3951 458 4019 diversitate
488 3955 579 4027 verba*
597 3955 728 4015 similiter
748 3950 879 4013 cadentia
901 3951 1041 4021 vitantes,
1073 3965 1103 4012 ut
1125 3967 1207 4033 quum

98 4055 188 4116 prope
213 4031 364 4098 coniuncta
387 4039 559 4112 mortalia,
593 4039 684 4118 qualia
707 4034 808 4116 οὔριαι
830 4034 938 4108 πνοαί,
960 4033 1043 4093 modo
1064 4035 1137 4114 quod
1158 4055 1209 4115 ge·

101 4120 180 4180 neris
202 4122 231 4180 in
256 4121 346 4182 torma
366 4121 519 4184 diversitas
540 4123 657 4202 gravior
677 4119 801 4190 videtur,
823 4127 854 4176 ut
870 4117 901 4176 in
914 4114 1075 4177 Philocteta
1087 4139 1115 4178 v.
1133 4124 1205 4183 355.

350 4251 434 4338 aciped
452 4251 568 4362 petendo
589 4255 710 4339 Σίγειον
731 4255 825 4338 ου’ρὶῳ
845 4249 947 4342 salciep

239 4375 243 4382 '
350 4360 545 4424 mididd‘dv'

97 4471 163 4531 altri
185 4483 279 4532 autem
301 4464 448 4534 servantes
464 4475 605 4555 propriam
626 4475 743 4556 generis
763 4474 898 4543 ‘formam
921 4472 946 4532 si
967 4470 1079 4548 longius
1098 4479 1208 4546 remota

99 4553 133 4614 alt
154 4556 289 4629 nomine,
318 4557 488 4637 praesertim
510 4561 666 4640 postposita
688 4570 751 4632 est,
776 4567 807 4618 nt
828 4576 913 4640 supra
934 4576 962 4617 v.
985 4561 1091 4626 1⁶07„
1116 4555 1160 4615 rel
1181 4553 1207 4612 si

43 4733 46 4742 .
138 4651 381 4719 ldnsrrrrrs
403 4655 538 4723 Heleno.
952 4656 992 4722 ll
