3028 5136
817 399 822 412 ⁸
837 297 860 368 6

296 477 369 581 dyc)
391 476 608 576 πυθόμενος
634 477 705 554 σόν
729 478 888 555 τέκνοισι
913 489 1110 556 ναυστολοῖ

299 603 410 679 σε’θιν
435 601 532 678 κατὰ
558 600 725 698 ζήτησιν·
753 605 794 678 ἐν
818 600 970 702 πρύμνῃ
997 604 1036 680 d'
1064 607 1163 706 ἄκρᾳ

250 726 414 809 15αὐτὸς
438 727 564 822 λαχών
590 731 758 804 εὔθυνον
785 729 955 828 ἆμφῆρες
981 713 1108 829 όόρυ,Ι

299 851 428 936 παῖδές
454 853 490 929 τ’
518 852 578 928 ἐπ’
605 856 770 952 ἐρετμοῖς
794 853 943 948 ἥμενοι,
968 853 1137 959 γλαυκὴν
1161 855 1234 930 ἅλα

299 977 460 1072 ῥοθίοισι
484 976 756 1067 λευκαίνοντες,
783 975 936 1072 ἐζήτουν
967 963 1017 1068 o’,
1045 981 1150 1065 ἄναξ.

300 1100 370 1196 ἤδη
397 1101 438 1177 dd
463 1102 620 1184 Μαλέας
644 1101 799 1197 πλησίον
823 1101 1072 1188 πεπλευκότας

303 1223 511 1320 ἀπηλιώτης
537 1227 673 1324 ἄνεμος
694 1223 903 1322 ἐμπνεύσας
928 1227 1013 1328 όορῖ

252 1364 294 1428 20
305 1351 476 1446 ἐξέβαλεν
495 1351 594 1449 ἡμεῖς
618 1350 730 1450 τήνδ’
757 1354 793 1435 ἐς
814 1350 1001 1430 Αῖτναίαν
1028 1353 1185 1452 πέτραν,

303 1476 357 1549 ἵν’
385 1476 421 1550 οἱ
444 1473 617 1573 μίνωπις
636 1478 794 1554 ’ποντίου
820 1477 950 1560 παῖδες
974 1481 1069 1570 θεοῦ

305 1595 507 1685 Κύκλωπες
532 1603 677 1680 oixorio'
706 1603 814 1702 ἄντρ’
843 1603 952 1702 desp?
981 1600 1240 1703 ἀνδροκτόνοι.

305 1722 453 1800 τούτων
478 1725 560 1810 ἑνὸς
586 1726 791 1826 ληφθέντες
816 1725 927 1825 ἐσμὲν
951 1730 991 1803 ἐν
1016 1724 1146 1825 όόμοις
1220 1743 1222 1750 ’

307 1849 452 1926 δοῦλοι·
479 1859 633 1928 καλοῦσι
658 1851 683 1926 d
689 1853 700 1880 ’
728 1851 846 1928 αὐτὸν
872 1849 903 1954 ᾧ
930 1850 1157 1951 λατρεύομεν

256 1990 298 2051 25
307 1973 558 2074 Πολύφημον.
591 1976 676 2052 ἀντὶ
702 1974 741 2052 d'
769 1975 881 2055 εὐίων
904 1974 1206 2076 βακχευμάτων.

307 2099 469 2196 ποίμνας
492 2099 699 2186 Κύκλωπος
724 2100 880 2178 ἀνοσίου
906 2100 1162 2200 ποιμαίνομεν.

308 2226 438 2311 παῖδες
459 2225 530 2324 μίν
554 2225 659 2328 οὑμοὶ
683 2224 847 2326 κλιτόαιν
872 2230 913 2303 ἐν
938 2223 1105 2328 ἐσχάτοις

309 2405 585 2420 -n-q

393 2522 444 2583 15.
489 2520 570 2582 Libri
591 2519 705 2604 λοβῶν,
726 2517 865 2586 εόθυνον.
907 2521 976 2580 Νοιι
1001 2541 1071 2606 opus
1093 2532 1156 2582 erut
1175 2533 1207 2580 ut
1227 2519 1423 2606 Biomfieldius

311 2605 339 2661 in
362 2604 502 2681 glossario
523 2605 676 2666 Persarum
698 2605 734 2667 nd
755 2629 784 2666 v.
810 2605 884 2668 417.
908 2605 1017 2671 ἴθυνον
1040 2605 1127 2668 scribi
1147 2605 1244 2663 vellet.
1279 2599 1356 2662 Pro
1376 2609 1425 2665 λοι

310 2681 372 2765 βιὸν
399 2699 491 2748 autem
521 2691 668 2750 serissime
699 2690 831 2766 Scaliger
858 2684 961 2767 λαχών.
1009 2687 1085 2746 Nom
1116 2683 1187 2768 δόρυ
1217 2689 1337 2766 nequis
1360 2707 1424 2745 cum

311 2770 453 2842 Boethio,
478 2773 523 2829 cui
548 2791 680 2832 assensus
701 2783 745 2832 est
765 2771 926 2842 Matthiae,
951 2781 1064 2832 contum
1087 2790 1149 2832 esse
1171 2781 1269 2852 putet,
1293 2770 1426 2854 prohibet

311 2814 488 2914 adiectuni'
473 2859 613 2934 αμφῆρις.

395 2953 447 3013 16.
492 2952 525 3011 in
548 2952 627 3010 libris
649 2952 765 3010 haec
742 2972 783 3010 sre
806 2953 912 3031 scripta
933 2961 1013 3010 sunt:
1036 2946 1186 3024 παῖδέςτ’
1211 2939 1378 3052 ἐρετμοῖς”
1356 2973 1426 3031 ημε

311 3043 372 3108 νοτ,
393 3030 521 3131 ρλαυιιὴν
542 3031 598 3096 αλιι
617 3035 749 3118 ῥοθίοισι
769 3037 983 3138 ievxut'vorvec,
1004 3030 1123 3112 ἐζήτουν
1148 3029 1188 3110 α’,
1210 3029 1290 3108 αναξ.
1333 3034 1426 3094 Recte

313 3119 422 3176 monuit
443 3118 585 3178 Frankius
602 3139 658 3177 non
676 3117 733 3177 dici
751 3118 878 3200 ἐρετμοῖς
896 3110 999 3199 ἧσθαι.
1043 3081 1193 3215 Quumquir
1209 3119 1294 3176 etiam
1311 3117 1444 3192 ῥοθίοις,

313 3201 474 3263 λευκαίνειν
495 3198 550 3263 iiio
571 3223 627 3261 non
650 3202 796 3264 ferendum
819 3213 960 3274 censeret,
985 3201 1096 3260 subiota
1117 3201 1344 3279 interpunctione
1364 3201 1429 3259 iun-

313 3284 356 3341 xit
392 3283 519 3365 ἐρετμοῖς
554 3286 684 3365 ῥοθίοισι
720 3286 935 3361 λενκαίνοντες,
973 3303 1139 3366 comparens
1167 3283 1287 3345 Homeri
1314 3303 1428 3343 versum

315 3365 422 3448 Odyss.
444 3369 515 3428 Χ11.
541 3371 612 3431 180.

480 3463 565 3528 αυτοῖ
582 3463 613 3530 d
638 3463 766 3546 ἑζόμενοι
782 3461 890 3545 πολιὴν
909 3463 966 3528 dtu
986 3461 1094 3528 τόπτον
1115 3463 1250 3546 ἐρετμοῖς.

314 3571 405 3634 Posse
432 3574 487 3631 ista
515 3575 650 3651 coniungi
672 3574 735 3650 quis
757 3577 863 3650 neget?
905 3573 1012 3631 Temen
1035 3571 1199 3630 noneredo
1220 3574 1260 3631 ite
1281 3575 1430 3652 scripsisse

315 3653 492 3733 Euripidem.
536 3655 612 3713 Nom
635 3676 690 3713 oon
713 3656 803 3713 solum
826 3655 976 3733 displicere
999 3654 1096 3714 debuit
1114 3667 1172 3714 tem
1190 3656 1273 3733 longe
1290 3667 1428 3716 remotum

315 3738 528 3798 asubstnntivo
550 3758 602 3796 suo
628 3737 816 3810 adiecturum,
849 3736 898 3798 sed
921 3757 956 3796 ne
976 3735 1080 3817 ἥμενοι
1101 3737 1214 3817 quidem
1236 3751 1300 3818 apte
1320 3737 1428 3804 dictum
1508 3739 1509 3750 ¹

316 3831 375 3917 est..
393 3841 477 3900 quum
499 3841 531 3884 se
552 3823 666 3882 stetisse
689 3821 803 3880 Sidenus
825 3841 881 3880 non
901 3819 1018 3882 dixerit.
1063 3820 1148 3922 Apud
1171 3821 1327 3882 Homerum
1349 3833 1429 3882 reete
1507 3879 1509 3907 A

316 3905 387 3964 sccii
418 3904 511 3968 Ulixis
542 3899 669 4002 ἑζόμενοι
698 3903 786 3976 dicti,
819 3903 923 3984 quod
916 3923 975 3984 rpse
998 3899 1093 3986 ὀρθὸς
1114 3903 1146 3965 ἐν
1165 3903 1301 4008 ἱστοπέδῃ
1322 3905 1427 3966 stnhot.

314 3985 474 4051 Permirum
505 3989 598 4058 foret,
631 3989 659 4048 ni
685 3989 846 4066 scripsisset
873 3987 1027 4067 Euripides
1056 3983 1203 4060 moidic'
1176 4011 1194 4048 τ
1229 3983 1278 4050 ἐπ’
1282 3930 1431 4068 ῃὲριτμοῖς

313 4066 425 4148 ἥμενοι.
467 4070 552 4130 lder
522 4071 610 4148 igitur
631 4072 755 4150 reposui.
801 4071 864 4134 Sic·
861 4074 951 4130 etiem
966 4071 1123 4136 Seidlerus.
1168 4071 1200 4132 ln
1222 4070 1353 4151 ῥοθίοισι
1371 4091 1430 4130 non

314 4164 377 4212 erat
398 4153 471 4233 quod
489 4153 645 4213 offenderet
668 4155 828 4226 Frankius‚
852 4175 937 4233 quum
963 4173 998 4212 eo
1019 4155 1122 4225 terlio,
1147 4165 1179 4212 ut
1199 4156 1259 4232 ipse
1276 4154 1430 4217 Eustethie

315 4247 432 4298 auctore
450 4235 592 4310 ostendit,
620 4239 704 4298 etiam
724 4232 745 4318 oi
765 4233 903 4309 συντονος
924 4236 1031 4318 εἰρεσία
1050 4197 1237 4318 significetur.
1300 4309 1303 4318 Ι

398 4335 451 4396 27.
495 4335 571 4396 Edd.
590 4348 660 4396 vett.
683 4337 787 4410 παῖδες
807 4336 859 4416 μὲν
884 4325 939 4396 οὖν
961 4358 1011 4414 μοι
1034 4336 1176 4400 Κλυτίον.
1219 4335 1304 4410 Quod
1327 4336 1431 4394 oriris

316 4416 407 4478 doctis
437 4421 590 4500 repositum
617 4431 661 4479 est
689 4417 828 4493 τλιτόοιν,
858 4419 963 4478 habent
989 4418 1072 4479 codd.
1104 4421 1264 4483 Florentini
1289 4429 1319 4478 et
1345 4415 1428 4478 Viot.

318 4489 383 4563 Οὖν
403 4525 452 4581 μοι
474 4515 551 4564 recte
569 4503 729 4580 Scaliger-⁸
720 4523 749 4562 m
778 4497 864 4580 οὑμοὶ
884 4501 1045 4562 mutandum
1071 4504 1191 4564 censuit.
1244 4501 1320 4568 lton
1343 4519 1430 4581 quum
1505 4561 1506 4572 ,
