3026 5134
681 293 731 368 67

155 471 291 552 δαίσειν
317 474 359 551 ‹t'
384 478 526 573 ἔμελλες
550 473 703 552 οίνοσίου
728 474 855 560 δαιτὸς
879 475 1003 563 δίκας·

154 607 281 684 κακῶς
304 599 378 704 χὰρ
404 599 465 703 ἂν
482 599 620 700 Τροίαν
641 629 684 705 χε
710 599 1012 703 διεπορωσοίμην,

154 732 187 802 εί
211 721 264 824 μή
290 728 330 801 σ’
353 725 511 827 ἑταίρων
536 720 655 827 φόνον
678 724 977 827 ἐτιμωρησάμην.

575 924 613 993 K
627 924 696 993 YK
698 921 739 993 A
746 919 787 994 Ω
800 927 843 998 Ψ.

160 1057 256 1128 αἰαῖ·
283 1050 436 1150 παλαιὸς
457 1052 625 1155 χρησμὸς
650 1053 912 1156 ἐκπεραίνεται.

158 1177 303 1277 τυφλὴν
323 1179 397 1282 γὰρ
421 1181 512 1277 ὄψιν
537 1183 577 1255 ἐκ
601 1180 714 1255 σέθεν
738 1176 889 1276 σχήσειν
910 1182 956 1278 μ’
985 1186 1056 1284 ἔφη

163 1305 297 1404 Τροίας
321 1305 617 1410 ἀφορμηθέντος.
655 1303 748 1382 ἀλλὰ
773 1305 837 1380 καί
862 1305 907 1384 σί
927 1337 983 1385 τοι

157 1430 267 1515 δίκας
290 1431 439 1530 ὑφέξειν
465 1430 549 1508 ἀντὶ
573 1429 690 1508 τῶνδ’
717 1430 925 1520 ἐθέσπισεν,

157 1555 277 1634 πολὺν
301 1552 475 1651 θαλάσσῃ
496 1551 639 1654 χρόνον
660 1551 966 1655 ἐναιωροιίμενον.

547 1741 621 1815 ΟΔ
632 1743 707 1812 ΥΣ
708 1745 752 1811 Σ
755 1742 787 1811 Ε
797 1743 877 1815 ΥΣ.

157 1879 299 1956 κλαίειν
326 1878 361 1952 α’
388 1876 538 1978 ἄνωγα·
571 1873 635 1950 καὶ
660 1871 818 1972 δὲθραχ’
845 1873 935 1974 ὅπερ
960 1873 1064 1980 λέγω.

158 2004 232 2110 ἐγὼ
258 2004 298 2082 t’
324 2003 383 2078 ἐπ’
410 1999 526 2085 οἷκτοὶς
550 1998 642 2098 εἶμι,
673 1999 737 2074 καί
761 1997 854 2083 νεώς
879 1995 1024 2100 σκάφος

157 2133 238 2228 ἥσω
259 2128 315 2206 ’πί
340 2123 480 2204 πόντον
504 2123 665 2202 Σικελὸν
690 2125 727 2208 ἔς
751 2123 791 2199 τ’
818 2122 911 2223 ε’,ιιὴν
936 2122 1094 2227 ποίτραν.

582 2312 623 2382 K
631 2312 708 2382 YK
708 2307 749 2382 A
755 2306 796 2381 Ω
809 2312 851 2386 Ψ.

163 2446 209 2523 οὐ
234 2445 334 2542 θῆτ’,
361 2442 437 2520 ἐπεί
461 2465 500 2518 σε
520 2440 611 2537 vici*
616 2442 628 2469 ³
655 2438 861 2540 ἀπορρήξας
885 2443 1020 2542 πέτρας

162 2571 308 2648 αὐτοῖσι
333 2569 406 2646 σὺν
428 2563 603 2645 ναύταισι
627 2568 822 2668 συντρίψω
845 2564 988 2665 βαλών.

162 2697 244 2774 ἄνω
269 2694 310 2771 θ’
337 2693 398 2770 ἐπ’
425 2692 546 2790 ὄχθον
570 2691 662 2790 εἶμι,
687 2693 820 2794 καίπερ
846 2691 902 2772 air
924 2689 1076 2792 τυφλός,

161 2821 214 2898 δι’
243 2821 474 2920 ἀμφιτρῆτος
496 2815 603 2914 τῆςθε
628 2817 866 2920 προσβαίνων
891 2818 990 2898 ποθί.

160 3011 444 3028 ffl

246 3120 319 3183 695.
363 3118 397 3179 In
420 3119 511 3179 Hei-v.
532 3120 563 3181 l.
586 3120 618 3181 2.
648 3130 677 3178 et
699 3122 820 3180 caeteris
843 3123 972 3184 omnibus
992 3122 1059 3185 edd.
1083 3126 1216 3185 omissum
1240 3120 1270 3186 δ’

164 3205 288 3266 restituit
308 3223 345 3264 ex
365 3199 435 3261 Ait.
461 3202 541 3261 Flor.
563 3203 594 3263 l.
617 3203 650 3264 2.
674 3203 755 3263 Viet.
780 3202 933 3265 Matthiae.

247 3305 321 3367 698.
364 3301 462 3381 Vulgo
484 3299 524 3362 ei'.
545 3298 585 3361 αί.

247 3411 320 3474 701.
364 3408 462 3487 Vulgo
483 3404 628 3469 ἐθέσπισε.
669 3407 750 3468 Ftor.
777 3409 808 3472 l.
831 3409 863 3472 2.
889 3407 1050 3476 ἐθέσπισεν.

248 3518 321 3584 703.
366 3514 442 3576 ΕιΙιΙ.
466 3513 516 3577 καί
540 3509 653 3597 δέδορχ’
674 3511 755 3588 ὅπως
775 3513 856 3600 λέγω.
898 3517 1083 3580 Caseubonus
1108 3520 1183 3601 qued
1208 3541 1276 3580 οοιι-

167 3603 251 3676 iecit,
274 3601 324 3662 καί
348 3593 527 3680 δεδορκότως
550 3596 641 3681 λέγω,
666 3599 797 3679 Scaliger
816 3600 852 3661 ab
875 3622 905 3662 se
929 3605 1011 3663 annis
1040 3616 1105 3665 ante
1124 3605 1227 3664 XXXI
1248 3607 1282 3664 in

168 3707 219 3745 στα
241 3686 306 3744 libri
327 3683 499 3763 adscriptum
523 3682 603 3743 dicit.
655 3682 714 3744 Set
740 3683 810 3745 Par.
837 3685 875 3746 E.
897 3686 934 3746 G.
966 3688 1047 3749 Flor.
1077 3690 1107 3752 l.
1130 3691 1163 3752 2.
1193 3689 1275 3749 vict.

168 3767 219 3830 καί
238 3764 354 3851 δέδραχ’
382 3764 453 3850 ὅπερ
474 3765 555 3850 λέγω.

251 3875 324 3938 704.
369 3875 450 3935 Flor.
477 3877 507 3937 l.
533 3869 613 3958 nicyoi
636 3868 680 3935 δ’.

191 4059 211 4118 Ἰ
251 3979 324 4042 706.
367 3980 508 4041 Matthiae
531 3978 561 4054 ἔς
578 3975 619 4056 τ’,
641 3977 716 4060 quod
735 3981 764 4039 in
786 3977 853 4042 edd.
876 3990 938 4052 est,
961 3981 1044 4039 etiam
1069 3982 1097 4039 in
1117 3978 1191 4040 Mss.
1216 3999 1279 4040 esse

171 4079 199 4119 et
214 4101 221 4118 .

252 4158 326 4224 707.
369 4158 444 4220 Edd.
472 4153 601 4244 ναύτῃσι.
644 4153 1006 4224 01οτ.1.2.ναίταισι.
1047 4158 1107 4223 Pro
1131 4166 1280 4248 συντρίψω

171 4242 251 4302 Flor.
276 4244 306 4305 l.
329 4243 433 4323 τρίψω.

253 4350 326 4416 700.
370 4347 440 4408 ΑΙιΙ.
475 4347 566 4408 Ηοεν.
595 4349 626 4412 l.
659 4344 700 4410 δι’
734 4343 930 4432 ἆμφιτρῆτος,
967 4351 1042 4433 quod
1072 4361 1170 4437 reponi
1200 4361 1282 4420 iussit

172 4433 312 4495 Canterus
339 4432 417 4494 Nov.
443 4433 523 4493 lectt.
549 4433 589 4492 11.
612 4434 665 4495 21.
692 4452 775 4513 quum
799 4435 827 4493 in
851 4435 941 4496 Ηοτν.
964 4439 996 4500 2.
1027 4434 1066 4499 δι’
1090 4437 1280 4527 ἀμφιτρήτης,

172 4519 201 4578 in
225 4519 315 4581 Brub.
348 4529 442 4578 eutem
470 4528 500 4578 et
522 4536 594 4599 quae
621 4527 756 4597 sequutae
780 4530 845 4579 sunt
871 4515 912 4582 δι’
944 4514 1116 4607 ίιμωιτρίτης
1145 4529 1278 4611 scriptum

1034 4623 1083 4687 5*
