3028 5136
669 320 717 396 41

146 502 291 601 σώθητι
314 506 399 604 μετ’
426 507 520 606 ἐμοῦ
525 560 538 594 ,
568 502 724 581 καὶτὸν
749 503 907 602 ἀρχαῖον
932 501 1044 603 φίλον
1259 511 1322 578 440

144 626 333 708 Διόνυσον
358 627 536 732 ἀνόλαβ’,
568 631 613 708 οῦ
637 625 815 706 Κύκλωπι
840 635 1035 730 προςφιρῆ.

595 787 757 862 ΧΟΡΟ
766 791 815 860 Σ.

145 893 178 990 di
202 911 365 1012 φίλτατ’,
397 915 429 986 si
449 909 524 1014 γὰρ
548 909 657 1006 τήνδ’
682 908 832 1009 ’ίδοιμεν
848 907 1003 1009 ἡμέραν,

146 1034 352 1120 Κύκλωπος
375 1031 601 1139 ἐκφυγόντες
626 1030 778 1112 ἀνόσιον
800 1029 910 1134 κόρα.

149 1161 200 1247 ὥς
223 1160 286 1237 διδι
310 1167 460 1258 μακροῦ
481 1189 523 1264 ys
547 1161 615 1238 τὸν
641 1161 752 1264 φίλον
778 1159 927 1261 σίφωνα
952 1159 999 1258 δὴ

143 1285 351 1386 χηριῦομεν
375 1281 500 1362 τόνδ’·
539 1288 609 1364 οῦκ
634 1289 765 1385 ἔχομεν
784 1285 858 1390 γὰρ
884 1284 1118 1392 καταφυγήν.
1259 1294 1321 1361 445

542 1442 615 1516 ΟΔ
620 1447 739 1514 ΥΣΣ
743 1447 774 1514 Ε
781 1447 862 1515 ΥΣ.

147 1567 261 1640 ἄκουε
286 1559 334 1658 δή
355 1589 427 1638 ναν
453 1563 501 1658 ἣν
525 1567 597 1662 ἔχοι
622 1564 807 1663 τιμωρίαν

147 1688 266 1790 θηρὸς
290 1683 507 1791 πανούργου
533 1697 598 1783 σῆς
622 1719 661 1764 το
686 1688 856 1774 δουλείας
880 1685 1016 1794 φυγήν.

588 1847 634 1918 Χ
638 1843 809 1919 ΟΡΟΣ.

149 1969 238 2073 λίγ’,
268 1967 319 2052 ὥς
339 1964 507 2051 Ἀσιάδος
532 1967 601 2043 οῦκ
627 1965 676 2044 δν
703 1965 809 2062 ἥδιον
833 1964 962 2068 φόφον

150 2090 311 2193 κιθάρας
335 2088 511 2190 κλόοιμεν
535 2091 559 2188 ἢ
584 2089 765 2169 Κόκλοιπ’
794 2092 969 2173 ὀλωλότα.

148 2312 290 2394 πτέρυγα,
317 2304 429 2372 σαλεύει
450 2306 628 2368 scribendum
651 2311 791 2369 coniecit:
823 2330 894 2390 quae
916 2312 1031 2390 elegans
1053 2308 1165 2390 quidem
1187 2330 1256 2370 con·

151 2397 260 2454 iectura
279 2405 340 2467 est,
373 2392 423 2454 sed
444 2403 537 2454 tamen
561 2413 633 2466 nou,
659 2392 734 2473 quod
753 2394 894 2454 Matthiae
916 2396 1032 2474 eiusque
1055 2413 1191 2474 sequaces
1213 2394 1257 2454 fo*

152 2489 269 2550 cerunt,
298 2489 354 2537 tam
378 2478 521 2556 egregiam
543 2495 606 2535 esse
628 2487 741 2558 putem,
768 2489 800 2536 ut
821 2477 983 2558 recipienda
1005 2479 1100 2537 fuerit.
1141 2471 1256 2539 Ἀλόειν

151 2572 196 2622 est
217 2573 353 2622 umentem
375 2581 447 2633 esse,
471 2559 628 2640 diciturque
650 2580 739 2639 aeque
760 2559 795 2620 de
814 2559 918 2639 gaudio
940 2581 973 2621 ac
995 2559 1030 2620 do
1048 2560 1157 2620 dolore.
1200 2559 1257 2622 vi-

151 2643 258 2706 dendus
279 2643 313 2704 de
336 2665 370 2704 eo
391 2644 478 2706 vcrho
498 2642 659 2704 Ellendtius
680 2645 709 2703 in
730 2644 838 2704 lexico
860 2643 1032 2724 Sophocleo.

232 2743 304 2808 441.
349 2743 424 2804 Εδδ.
443 2755 512 2806 vett.
537 2739 684 2825 ἆναλαβοῦ
701 2737 861 2829 Κόιιλοοιιι.Ι
891 2741 1061 2804 Emendavit
1082 2742 1255 2824 Stephanus.

232 2845 304 2908 444.
348 2843 424 2904 Εδδ.
454 2855 524 2904 vett.
555 2839 596 2917 τίς
621 2838 671 2904 διὰ
696 2848 809 2924 μακροῦ
835 2865 866 2926 γε
890 2838 943 2906 τόν
963 2843 1077 2922 σίφοινα
1097 2837 1149 2905 τόν
1169 2844 1257 2922 φίλον

149 2923 322 3010 χηρεόομεν,
348 2922 431 2989 τόνδ’
463 2923 518 2989 οῦκ
545 2925 645 3006 ἔχομεν
672 2933 857 3010 καταφαγεῖν.
908 2931 1096 3009 Καταφαγεῖν
1114 2925 1256 2987 Matthiae
1360 2981 1362 2984 .

151 3014 235 3072 etiam
258 3010 370 3070 codices
393 3011 497 3070 hahere
520 3009 604 3070 dicit:
629 3021 721 3070 utrum
737 3012 813 3070 solos
829 3010 976 3070 Parisinus
995 3010 1033 3070 E.
1053 3010 1090 3068 G.
1108 3011 1136 3068 in
1155 3011 1256 3090 quihus

151 3116 236 3176 supra
265 3096 399 3174 scriptum
428 3114 491 3153 esse
518 3099 696 3174 καταφυγεῖν
721 3105 841 3152 testatur
868 3093 1066 3170 Musgravius‚
1106 3114 1142 3152 an
1171 3095 1255 3154 etiam

150 3179 347 3250 Florentium,
380 3177 503 3235 incertos
533 3176 649 3253 reliquit
677 3177 813 3234 lectores.
862 3175 985 3233 Omnino
1015 3176 1062 3233 hie
1091 3186 1169 3234 tanta
1194 3179 1258 3236 eius

151 3264 205 3322 fuit
225 3263 345 3333 incuria,
370 3270 401 3318 ut
422 3279 457 3318 ne
478 3258 637 3335 Musgravii
659 3255 770 3338 quidem
792 3255 993 3316 dubitationem
1011 3271 1254 3332 commemoraret,

152 3347 200 3426 qui
225 3345 279 3404 sihi
307 3364 363 3403 non
391 3341 458 3401 alihi
487 3342 582 3417 σίφων
603 3342 693 3421 prima
714 3341 794 3400 hrevi
816 3341 957 3399 inventum
980 3339 1059 3400 dicit.
1103 3339 1167 3402 Nec
1189 3363 1257 3422 pro·

151 3431 226 3489 fecto
249 3448 310 3487 eam
333 3427 471 3505 corripuit
490 3423 653 3504 Euripides.
697 3424 788 3503 igitur
810 3443 894 3503 quum
914 3424 1054 3485 Heathius
1075 3422 1184 3484 divisim
1205 3421 1257 3489 τόν

150 3507 195 3589 δ’,
226 3511 357 3590 Scaliger
377 3521 470 3568 autem
493 3530 566 3568 novo
587 3509 748 3586 excogitato
770 3508 857 3569 verho
879 3513 1070 3591 καταφυγεῖν
1090 3510 1177 3569 scribi
1199 3510 1257 3570 ius-

150 3598 250 3668 sisset,
280 3591 440 3654 huiusmodi
467 3594 634 3672 scripturam
659 3594 788 3652 exhihuit
817 3591 977 3652 Matthiae:
1014 3587 1054 3665 τίς
1075 3588 1125 3653 διὰ
1144 3598 1258 3675 μακροῦ

149 3702 189 3763 ys
201 3674 254 3742 τόν
275 3679 389 3757 οίφανα
408 3672 459 3739 τὸν
480 3677 568 3756 φίλον
587 3671 759 3757 χηρεόομον,
788 3671 841 3738 τόν
863 3671 893 3738 δ’
920 3672 975 3740 oda
995 3675 1094 3756 ἔχομεν
1115 3700 1257 3755 ιιατειιφτι-

150 3769 219 3845 γεῖν.
262 3763 326 3822 Nec
348 3762 384 3820 L.
408 3760 574 3822 Diodorlius
597 3759 703 3839 aliquid
723 3761 850 3832 mutavit,
876 3761 931 3818 nisi
952 3758 1027 3839 quod
1047 3761 1160 3840 scripsit
1175 3755 1254 3824 τόνδ’

151 3841 207 3907 οῦκ
228 3843 336 3923 ἔχοντες
355 3851 540 3927 καταφυγεῖν.
591 3844 762 3904 Coniecerut
780 3853 873 3903 autem
896 3841 1035 3902 Cantcrus
1056 3841 1166 3924 ἔχοντες
1186 3841 1258 3910 dato·

106 3971 109 3980 .
152 3933 264 4006 φυγεῖν.
311 3928 493 4004 Musgravius
523 3926 663 3988 intellexit
683 3927 798 4003 olomuc
822 3925 868 3984 hio
891 3926 1044 3984 membrum
1064 3928 1147 3988 virile
1169 3930 1258 4008 signi-

152 4009 250 4068 ficare.
293 4007 388 4088 Atque
411 4011 464 4070 hac
486 4011 547 4070 sola
568 4011 677 4068 ratione
698 4003 854 4088 χηρεόομεν
874 4027 937 4066 cum
954 4009 1114 4066 accusativo
1131 4014 1258 4072 construi

152 4091 253 4172 potuit.
297 4091 435 4169 Apertum
457 4103 633 4162 astantem,
661 4091 685 4148 si
707 4092 776 4148 haec
798 4090 839 4146 ita
860 4087 1043 4166 intelligenda
1065 4102 1148 4164 sunt,
1172 4095 1257 4154 etiam

151 4175 262 4254 reliqua
290 4194 346 4232 non
368 4193 450 4250 posse
479 4173 513 4234 de
535 4171 694 4250 effugiendo
718 4171 844 4252 Cyclope
866 4169 1043 4242 dictitasse,
1077 4172 1127 4230 sed
1148 4177 1259 4255 etipsa

151 4256 258 4338 aliquid
279 4256 383 4316 dehere
399 4255 513 4316 ohsceni
534 4255 690 4314 continere.
735 4255 832 4327 Quare
853 4257 893 4314 sic
912 4253 1090 4314 scribendum
1108 4253 1194 4314 duxi:
1219 4252 1259 4332 τίς

150 4337 199 4405 διδ
219 4341 331 4422 μακροῦ
355 4359 387 4421 γε
408 4333 460 4399 τὸν
480 4339 566 4415 φίλον
587 4337 702 4414 σίφωνα
723 4334 760 4416 δὴ
781 4331 938 4418 χηρεόομεν
957 4331 1056 4400 τόνδ’·
1083 4333 1138 4400 οὐκ
1159 4339 1260 4442 ἔφαμεν

149 4422 204 4510 γὰρ
233 4416 413 4506 καταφυγήν.
455 4420 551 4500 Magis
574 4432 666 4480 mmen
688 4420 813 4501 placeret
840 4416 895 4483 οῦκ
916 4419 1016 4500 ἔχοντα
1036 4444 1216 4508 καταφαγην.

233 4524 306 4590 446.
351 4516 397 4603 Aa}
417 4526 473 4584 νῦν
495 4521 630 4582 librorum
650 4517 790 4580 Matthiae
811 4522 925 4604 scripsit
944 4515 982 4602 δή
1002 4545 1064 4608 νυν.
1105 4513 1107 4520 ’
