3028 5136
683 266 685 275 '
791 265 817 316 X

253 435 387 508 suntin
418 431 513 508 codd.
538 431 702 507 Vaticano
726 439 760 507 et
780 430 982 506 liconiensi:
1007 429 1109 530 παραὶ
1136 436 1213 516 τοῖς
1239 459 1358 531 κριτι-

251 555 331 634 κοῖς
356 547 571 648 ἐκβάλλεται
599 548 649 632 ὥς
669 546 834 623 ἀνοίκεια
854 555 920 644 τῆς
943 556 1118 652 τραγικῆς
1133 546 1313 645 ποιήσεως
1334 551 1357 626 ὅ

251 697 291 742 τε
313 668 483 766 Ὀρέστης
512 666 576 742 καὶ
609 666 633 762 ή
660 667 870 761 Ἄλκηστις,
912 668 961 752 oio
991 671 1032 743 ἐκ
1062 675 1259 767 συμφορᾶς
1284 667 1357 765 μὲν

251 781 441 883 ἀρχόμενα
448 839 460 872 ,
487 789 537 868 elo
562 782 806 879 εὐδαιμονίαν
830 782 871 859 δὲ
891 785 955 860 καὶ
973 784 1100 884 χαρὰν
1125 782 1303 880 λήξαντα,
1330 785 1357 859 ἅ

251 905 327 978 ἐστι
356 909 500 1000 μᾶλλον
530 900 731 1001 κωμῳδίας
761 899 930 998 ἐχόμενα.
988 903 1052 980 sic
1072 907 1157 980 haec
1180 905 1356 978 scribenda

250 1030 339 1094 sunt.
388 1021 430 1094 ln
454 1020 550 1093 codd.
575 1023 649 1094 istis
672 1031 723 1095 cst
747 1019 850 1118 παρὰ
874 1027 951 1105 τοῖς
973 1028 1164 1124 τραγικοῖς
1183 1017 1357 1117 ἐκβάλλε-

250 1166 334 1225 ται,
362 1137 448 1237 ηοοδ
472 1135 511 1211 C.
537 1137 773 1212 Lachmannus
797 1148 882 1213 teste
904 1138 1039 1215 Glumio
1060 1167 1092 1239 p.
1116 1144 1178 1216 53.
1202 1143 1356 1222 scriben-

251 1255 326 1328 dum
347 1257 485 1354 putabat
506 1251 607 1350 παρὰ
628 1261 705 1338 τοῖς
728 1260 907 1351 κωμικοῖς
930 1253 1179 1354 διαβάλλεται.
1228 1263 1277 1332 nt
1299 1265 1356 1330 ta-

249 1375 297 1448 lia
317 1373 438 1471 comici
459 1397 525 1445 non
547 1374 825 1469 perstringebant.
875 1372 1011 1449 Similia
1035 1376 1132 1449 etium
1154 1377 1188 1448 in
1216 1376 1354 1450 scholiis
1403 1449 1408 1464 x

250 1490 293 1564 nd
316 1453 507 1565 Orestion.
532 1488 642 1578 1686.
649 1492 834 1588 leguntur·
859 1497 969 1565 τοῦτο
993 1520 1035 1565 το
1023 1489 1223 1590 δρᾶμα’
1207 1519 1354 1589 εκτρα-
1462 1473 1469 1488 ’

249 1605 416 1709 γῳδικοῦ
448 1599 635 1701 κωμικόν
676 1607 717 1678 ἐκ
737 1604 810 1707 polo
843 1615 1051 1705 ovopopoiv
1084 1614 1133 1691 εἰς
1162 1608 1353 1706 εὐθυμίαν

248 1721 487 1819 κατήντησεν.
545 1720 567 1815 ἡ
594 1717 787 1816 κατάληξις
811 1730 876 1820 τῆς
900 1722 1111 1825 τραγῳδίας
1134 1723 1158 1818 ἢ
1184 1731 1234 1809 εἰς
1258 1728 1354 1822 θρῆ

248 1871 317 1918 νον
347 1840 372 1937 lp*
406 1845 457 1922 ελς
487 1834 612 1921 ποίθος
645 1835 859 1940 καταλήγει,
893 1840 915 1934 ή
949 1840 990 1915 δὲ
1016 1825 1198 1942 κωμῳδία
1222 1843 1355 1944 γε’λωσι

247 1959 311 2035 καὶ
340 1952 588 2057 εὐφροσύναις
621 1950 837 2052 ἐνύφανται.
897 1958 1048 2032 ὅθεν
1030 1967 1162 2058 ορᾶται
1192 1957 1349 2034 τόδε
1308 1989 1353 2034 το

247 2077 376 2175 δρᾶμα
399 2101 546 2170 κωμικη
530 2068 758 2164 καταλήξει
777 2071 1034 2171 χρησάμενον·
1062 2075 1324 2178 διαλλαγαι
1278 2105 1352 2177 γαρ

247 2192 339 2292 πρὸς
352 2195 551 2267 Μενέλαον
575 2188 639 2264 καὶ
659 2187 845 2286 Ὀρέστην.
896 2190 1068 2268 ἀλλὰκαὶ
1088 2195 1129 2268 ἐν
1147 2187 1352 2288 Ἀλκήστιδι

247 2313 288 2385 ἐκ
327 2317 535 2408 συμφορῶν
566 2313 616 2394 ele
646 2305 882 2406 εὐφροσύνην
912 2308 975 2384 καὶ
1007 2309 1216 2406 ἀναβίωσιν
1223 2363 1236 2397 ,
1288 2310 1352 2386 καὶ

132 2465 135 2472 ’
247 2426 385 2526 ὁμοίως
408 2427 472 2502 καὶ
498 2430 539 2502 ἐν
560 2430 677 2524 Τυροῖ
690 2425 926 2524 Σοφοκλέους
946 2426 1231 2530 ἄναγνωρισμδς
1253 2426 1350 2502 κατὰ

245 2544 412 2629 τὸτέλος
435 2544 594 2648 γίνεται,
621 2543 685 2620 καὶ
711 2543 972 2628 interstante
996 2543 1111 2619 πολλὰ
1135 2541 1291 2620 τοιαῦτα
1311 2548 1353 2622 ἐν

246 2671 292 2760 cf]
315 2662 510 2766 τραγῳδίᾳ
535 2658 754 2758 εὑρίσκεται.
813 2664 962 2757 Quorum
993 2688 1071 2762 pars
1097 2665 1221 2762 legitur
1250 2667 1350 2740 etiarn

148 2871 149 2880 ρ
245 2784 281 2856 in
313 2791 506 2879 argumento
541 2780 666 2854 codicis
695 2777 961 2877 Guelferbytani.
1019 2779 1138 2855 Critici
1167 2784 1270 2880 igitur
1293 2785 1352 2857 isti

246 2909 337 2974 certo
371 2923 438 2972 non
474 2898 687 2989 dubitabant,
721 2899 800 2994 quin
830 2905 865 2970 et
892 2897 1072 2996 Euripides
1105 2909 1139 2973 et
1163 2902 1352 2974 Athenien-

122 3047 126 3055 *
246 3041 300 3102 scs
334 3039 447 3089 omnes
482 3022 652 3112 utramque
682 3015 828 3088 ialrulam
853 3013 1057 3115 tragoediam
1081 3042 1153 3091 esse
1180 3019 1351 3094 iudicaue-

246 3133 327 3208 rint.
384 3131 482 3225 Quod
515 3133 545 3204 si
576 3157 683 3231 neque
705 3133 853 3206 Alcestis
879 3160 945 3208 non
969 3136 1034 3208 luit
1062 3134 1254 3230 tragoedia,
1287 3161 1352 3210 neo

247 3260 403 3350 quattuor
445 3250 633 3347 tragoedias
668 3275 734 3324 una
774 3257 1027 3350 comprehensas
1067 3276 1140 3326 esse
1175 3255 1352 3350 tetralogia

246 3370 318 3443 reri
346 3369 456 3442 simile
486 3375 556 3461 est,
589 3368 782 3462 luceremus,
816 3396 920 3470 neque
955 3372 1112 3444 habemns
1145 3370 1224 3467 qnid
1256 3371 1351 3445 dica-

246 3511 343 3579 mus,
377 3486 444 3558 sed·
470 3493 528 3557 ant
558 3487 768 3581 acquiescere
799 3487 987 3562 testimonio
1020 3488 1219 3562 scholiastae
1248 3488 1350 3562 Vati-

246 3603 342 3696 cani,
381 3611 438 3674 aut
471 3601 569 3674 fidem
601 3602 672 3676 eius
701 3605 737 3676 in
767 3605 988 3703 suspicionem
1017 3607 1149 3680 tralnere
1183 3606 1350 3682 debemus.

137 3757 141 3768 ·
244 3721 300 3794 Ae
324 3719 431 3794 ueniat
457 3720 596 3795 lortasse
620 3721 721 3794 alicui
741 3722 776 3793 in
799 3732 953 3815 mentem,
977 3723 1109 3796 illarum
1131 3748 1228 3796 unam
1252 3720 1351 3797 labn-

244 3839 375 3932 larnm,
416 3863 500 3938 quoe
531 3839 727 3913 coniunctae
759 3863 834 3912 oum
858 3839 1032 3914 Alcestide
1055 3840 1208 3934 inerunt,
1246 3843 1350 3917 fnisse

245 3957 434 4053 satyricam.
463 3955 669 4056 Quamquam
688 3956 774 4030 enim
799 3965 928 4053 satyros
949 3958 1064 4030 ultimo
1084 3959 1160 4032 loco
1186 3961 1350 4033 nominari

245 4101 317 4150 mos
335 4084 408 4168 est,
433 4084 542 4148 tamen
566 4076 639 4171 quis
662 4061 925 4150 contendat'non
945 4083 1003 4149 aut
1027 4101 1086 4174 per
1106 4101 1253 4152 errorem
1274 4103 1350 4150 mn·

243 4192 310 4264 tari
334 4191 482 4265 ordinem
513 4191 679 4288 potuisse,
706 4201 762 4266 ant
782 4195 933 4267 consulto
955 4217 1028 4267 csse
1050 4201 1228 4288 mutatum,
1264 4221 1349 4293 quo·

246 4301 336 4382 niam
349 4309 518 4382 nominata
530 4309 702 4384 Alcestide
715 4311 923 4386 subiecturus
937 4319 1009 4386 erat
1022 4313 1167 4410 scriptor
1180 4338 1221 4388 ea
1235 4316 1348 4406 vaula,

249 4448 334 4521 quae
362 4425 514 4498 adiunxit
535 4425 592 4498 isti
616 4427 763 4522 nomini,
797 4425 841 4502 τὸ
870 4424 912 4504 δὲ
932 4425 1061 4528 δρᾶμα
1082 4430 1349 4528 κωμικωτέραν
