2994 5128
434 1184 958 1300 PRAEFATIO.
1008 1204 1010 1208 ’

593 1487 809 1500 m

109 1779 112 1788 .
155 1743 161 1752 ·
210 1672 383 1784 Orestem
408 1710 611 1808 tragoediam
638 1711 735 1784 ctiam
762 1712 792 1782 si
818 1711 1018 1786 nesciremus
1042 1713 1171 1811 quando
1199 1717 1261 1789 do-

143 1836 248 1908 cuerit
264 1835 458 1934 Euripides,
485 1846 595 1910 tameu
621 1837 815 1910 certissimis
839 1837 972 1912 iudiciis
999 1840 1040 1912 ad
1065 1840 1149 1912 illud
1175 1847 1262 1912 tem-

141 1985 204 2059 pus
229 1961 354 2034 referre
381 1962 596 2056 deberemus,
631 1989 695 2061 quo
728 1965 827 2037 simul
856 1973 893 2037 ct
916 1963 998 2038 artis
1024 1967 1171 2063 tragicae
1197 1967 1260 2038 llos

141 2111 346 2162 marcescere
362 2098 531 2188 coeperat,
558 2097 593 2164 at
618 2092 735 2188 populi
761 2115 876 2164 seusus
902 2091 950 2164 ita
976 2099 1048 2164 erat
1073 2092 1260 2185 hebetatus,

140 2223 178 2287 ut
203 2239 264 2312 pro
291 2216 436 2313 pristina
461 2216 672 2314 simplicitate
699 2226 733 2290 et
757 2221 920 2315 gravitate
939 2218 1152 2290 artificiosam
1170 2243 1262 2291 com-

142 2343 249 2414 munis
283 2343 369 2415 ritae
394 2343 625 2416 'imitationem
660 2353 846 2442 expeteret.
914 2343 1000 2418 Nam
1043 2345 1161 2442 iugens
1200 2343 1262 2416 illa

1 2519 2 2530 ι
143 2469 294 2541 scenicos
318 2468 415 2540 ludos
441 2470 612 2566 spectandi
639 2471 822 2569 cupiditas,
864 2495 947 2568 quac
971 2471 1130 2569 populum
1154 2470 1278 2543 Atlrc-·
1390 2455 1423 2488 ⁹

1 2595 2 2608 ¹
142 2595 289 2666 uiensern
316 2603 469 2692 ceperat,
507 2620 605 2693 quum
639 2600 760 2672 multos
793 2599 893 2670 ctiam
918 2621 1051 2690 corum,
1086 2622 1169 2693 quos
1195 2621 1261 2669 nou

1 2759 2 2770 2
141 2721 216 2818 ipsa
242 2729 358 2794 natura
384 2733 500 2820 poetas
526 2724 691 2818 finxisset,
719 2724 760 2797 ad
787 2723 978 2798 scribendas
1000 2723 1190 2821 tragoedias
1208 2723 1262 2794 in-

1 2904 2 2911 .
141 2849 274 2942 ritaret,
300 2849 375 2922 lieri
400 2873 466 2923 nou
491 2859 636 2948 poterat,
663 2853 742 2949 quin
767 2853 821 2925 uel
845 2851 921 2950 ipsa
945 2837 1120 2922 multitudo
1142 2855 1262 2947 pocta·
1338 2867 1339 2874 ’

141 3001 233 3067 rurn,
260 2979 455 3072 praesertim
482 2977 524 3048 de
551 2979 690 3050 uictoria
716 2980 932 3070 certantium,
967 2979 1052 3050 alios
1078 2977 1144 3048 alia
1178 2998 1261 3072 quac

80 3110 85 3118 '
143 3101 268 3196 populo
301 3097 474 3197 placarent
506 3125 664 3197 quaerere
692 3111 839 3198 cogeret.
890 3102 1032 3174 Placent
1053 3109 1161 3174 autem
1187 3101 1263 3196 ple·
1404 3187 1406 3192 ¹

141 3226 274 3322 risque,
319 3248 402 3322 quae
437 3249 544 3321 neque
578 3224 775 3297 amoribus
808 3237 921 3297 co'rurn
955 3249 995 3297 uc
1020 3225 1138 3297 studiis
1164 3221 1262 3297 nimis

143 3345 253 3424 alicua
277 3359 356 3424 suut
379 3375 484 3448 neque
511 3359 642 3448 captum
667 3336 715 3424 ita
741 3351 925 3444 excedunt,
969 3333 1007 3426 nt
1041 3352 1263 3450 nonpossint

1 3527 2 3560 ι
142 3477 208 3551 nisi
234 3471 308 3583 cum
333 3480 444 3575 aliqua
469 3479 587 3552 mentis
612 3479 795 3552 intentione
828 3479 969 3578 percipi.
1019 3479 1111 3553 Hinc
1141 3483 1261 3578 poetae

1 3693 2 3708 χ
143 3605 201 3678 isti
227 3629 325 3702 quum
351 3608 456 3704 magis
483 3591 653 3704 magisque
681 3607 722 3678 ad
749 3608 920 3704 quamdam
946 3607 1119 3680 verbosam
1151 3605 1262 3678 tenui·

143 3739 244 3805 tatem
270 3733 539 3827 descendissent,
576 3735 674 3807 etiam
706 3760 766 3808 cos
793 3735 910 3831 quibus
935 3753 1001 3806 uon
1027 3732 1142 3804 deerat
1166 3732 1263 3826 iuge-

143 3859 231 3930 uium
258 3859 293 3930 in
319 3861 465 3933 eamdem
490 3862 598 3934 labem
622 3861 847 3956 implicarunt,
881 3860 1124 3952 effecerantque
1149 3867 1187 3928 ut
1210 3856 1263 3927 illi

1 3963 2 3994 ³
144 4007 274 4082 quoque
307 3986 507 4058 incuriosius
541 3996 575 4058 et
607 3986 830 4082 negligentius
864 4008 959 4080 quam
992 3989 1146 4080 poterant
1170 3981 1264 4054 scri-

86 4211 89 4217 1
144 4113 222 4184 bere
247 4113 451 4209 incipercutr
485 4113 579 4184 cuius
611 4112 661 4184 rei
680 4095 827 4183 ‘illustro
853 4110 1043 4207 exemplum
1068 4110 1177 4206 ipsum
1202 4108 1264 4180 ha-

143 4239 258 4310 bemus
284 4235 493 4336 Euripidem.
544 4236 581 4310 Is
608 4237 739 4335 quidem
766 4238 830 4310 etsi
855 4235 1103 4316 excusationem
1121 4217 1274 4332 aliquam
1396 4313 1397 4320 χ

1 4425 2 4484 p
144 4391 188 4439 ex
213 4367 274 4438 illa
299 4375 484 4464 temporum
510 4365 700 4438 conditione
725 4363 844 4457 lrabct,
885 4372 995 4437 tamen
1025 4363 1100 4460 ipse
1133 4383 1263 4460 quoque

1 4486 2 4508 ¹
144 4517 212 4568 son
246 4495 330 4594 nihil
355 4519 396 4570 ec
423 4485 584 4588 contulit,
626 4501 662 4565 ut
692 4492 729 4565 in
761 4491 907 4565 deterius
933 4497 1044 4563 rueret
1069 4489 1263 4588 tragoedia:
1328 4510 1332 4520 ·
