<?xml version="1.0" encoding="UTF-8"?>
<!DOCTYPE html PUBLIC "-//W3C//DTD XHTML 1.0 Transitional//EN"
    "http://www.w3.org/TR/xhtml1/DTD/xhtml1-transitional.dtd">
<html xmlns="http://www.w3.org/1999/xhtml" xml:lang="en" lang="en">
 <head>
  <title>
</title>
<meta http-equiv="Content-Type" content="text/html;charset=utf-8" />
  <meta name='ocr-system' content='tesseract 3.04.00' />
  <meta name='ocr-capabilities' content='ocr_page ocr_carea ocr_par ocr_line ocrx_word'/>
</head>
<body>
  <div class='ocr_page' id='page_1' title='image "./euripidistragoe09eurigoog/euripidistragoe09eurigoog_0216.png"; bbox 0 0 3022 5140; ppageno 0'>
   <div class='ocr_carea' id='block_1_1' title="bbox 664 325 701 379">
    <p class='ocr_par' dir='ltr' id='par_1_1' title="bbox 664 325 701 379">
     <span class='ocr_line' id='line_1_1' title="bbox 664 325 701 379; baseline 0.027 -1"><span class='ocrx_word' id='word_1_1' title='bbox 664 325 701 379; x_wconf 86' lang='lat' dir='ltr'><strong>xt</strong></span> 
     </span>
    </p>
   </div>
   <div class='ocr_carea' id='block_1_2' title="bbox 127 472 1263 1277">
    <p class='ocr_par' dir='ltr' id='par_1_2' title="bbox 127 472 1263 1277">
     <span class='ocr_line' id='line_1_2' title="bbox 127 472 1263 592; baseline 0.004 -20"><span class='ocrx_word' id='word_1_2' title='bbox 127 497 188 572; x_wconf 85' lang='lat' dir='ltr'><strong>stri</strong></span> <span class='ocrx_word' id='word_1_3' title='bbox 206 493 474 570; x_wconf 69' lang='lat' dir='ltr'><strong>Andromacham</strong></span> <span class='ocrx_word' id='word_1_4' title='bbox 497 515 571 567; x_wconf 88' lang='lat' dir='ltr'><strong>cnm</strong></span> <span class='ocrx_word' id='word_1_5' title='bbox 586 515 691 592; x_wconf 91' lang='lat' dir='ltr'><strong>puero</strong></span> <span class='ocrx_word' id='word_1_6' title='bbox 707 492 922 571; x_wconf 77' lang='lat' dir='ltr'><strong>adducentes.</strong></span> <span class='ocrx_word' id='word_1_7' title='bbox 957 497 1092 573; x_wconf 76' lang='lat' dir='ltr'><strong>Interea</strong></span> <span class='ocrx_word' id='word_1_8' title='bbox 1116 499 1238 576; x_wconf 87' lang='lat' dir='ltr'><strong>clarus</strong></span> <span class='ocrx_word' id='word_1_9' title='bbox 1261 472 1263 476; x_wconf 22' lang='lat'><strong><em>¹</em></strong></span> 
     </span>
     <span class='ocr_line' id='line_1_3' title="bbox 127 610 1238 717; baseline 0.006 -30"><span class='ocrx_word' id='word_1_10' title='bbox 127 639 234 712; x_wconf 88' lang='lat' dir='ltr'><strong>neque</strong></span> <span class='ocrx_word' id='word_1_11' title='bbox 254 613 352 686; x_wconf 87' lang='lat' dir='ltr'><strong>nnius</strong></span> <span class='ocrx_word' id='word_1_12' title='bbox 370 611 432 684; x_wconf 86' lang='lat' dir='ltr'><strong>uiri</strong></span> <span class='ocrx_word' id='word_1_13' title='bbox 454 612 578 710; x_wconf 79' lang='lat' dir='ltr'><strong>duplex</strong></span> <span class='ocrx_word' id='word_1_14' title='bbox 601 610 803 707; x_wconf 83' lang='lat' dir='ltr'><strong>coniugium,</strong></span> <span class='ocrx_word' id='word_1_15' title='bbox 829 637 936 710; x_wconf 87' lang='lat' dir='ltr'><strong>nequo</strong></span> <span class='ocrx_word' id='word_1_16' title='bbox 955 613 1026 688; x_wconf 93' lang='lat' dir='ltr'><strong>ullo</strong></span> <span class='ocrx_word' id='word_1_17' title='bbox 1049 617 1083 692; x_wconf 94' lang='lat' dir='ltr'><strong>iu</strong></span> <span class='ocrx_word' id='word_1_18' title='bbox 1103 621 1238 717; x_wconf 80' lang='lat' dir='ltr'><strong>negotio</strong></span> 
     </span>
     <span class='ocr_line' id='line_1_4' title="bbox 128 728 1239 828; baseline 0.006 -25"><span class='ocrx_word' id='word_1_19' title='bbox 128 732 265 804; x_wconf 83' lang='lat' dir='ltr'><strong>diuisam</strong></span> <span class='ocrx_word' id='word_1_20' title='bbox 291 731 380 803; x_wconf 90' lang='lat' dir='ltr'><strong>inter</strong></span> <span class='ocrx_word' id='word_1_21' title='bbox 397 731 508 828; x_wconf 86' lang='lat' dir='ltr'><strong>plures</strong></span> <span class='ocrx_word' id='word_1_22' title='bbox 528 737 724 826; x_wconf 80' lang='lat' dir='ltr'><strong>potestatem</strong></span> <span class='ocrx_word' id='word_1_23' title='bbox 744 728 809 802; x_wconf 77' lang='lat' dir='ltr'><strong>siai</strong></span> <span class='ocrx_word' id='word_1_24' title='bbox 836 730 971 826; x_wconf 85' lang='lat' dir='ltr'><strong>probari</strong></span> <span class='ocrx_word' id='word_1_25' title='bbox 996 732 1091 808; x_wconf 86' lang='lat' dir='ltr'><strong>dicit.</strong></span> <span class='ocrx_word' id='word_1_26' title='bbox 1140 736 1239 810; x_wconf 85' lang='lat' dir='ltr'><strong>Red-</strong></span> 
     </span>
     <span class='ocr_line' id='line_1_5' title="bbox 128 845 1239 947; baseline 0.003 -24"><span class='ocrx_word' id='word_1_27' title='bbox 128 860 208 923; x_wconf 85' lang='lat' dir='ltr'><strong>eunt</strong></span> <span class='ocrx_word' id='word_1_28' title='bbox 230 859 299 922; x_wconf 90' lang='lat' dir='ltr'><strong>tmn</strong></span> <span class='ocrx_word' id='word_1_29' title='bbox 327 849 384 945; x_wconf 87' lang='lat' dir='ltr'><strong>qui</strong></span> <span class='ocrx_word' id='word_1_30' title='bbox 410 846 450 920; x_wconf 90' lang='lat' dir='ltr'><strong>ad</strong></span> <span class='ocrx_word' id='word_1_31' title='bbox 475 854 611 920; x_wconf 88' lang='lat' dir='ltr'><strong>mortam</strong></span> <span class='ocrx_word' id='word_1_32' title='bbox 634 845 797 919; x_wconf 91' lang='lat' dir='ltr'><strong>ducantur</strong></span> <span class='ocrx_word' id='word_1_33' title='bbox 817 847 1052 924; x_wconf 80' lang='lat' dir='ltr'><strong>Andromache</strong></span> <span class='ocrx_word' id='word_1_34' title='bbox 1080 853 1239 947; x_wconf 78' lang='lat' dir='ltr'><strong>atilius,</strong></span> 
     </span>
     <span class='ocr_line' id='line_1_6' title="bbox 128 965 1239 1072; baseline 0.004 -31"><span class='ocrx_word' id='word_1_35' title='bbox 128 968 232 1042; x_wconf 80' lang='lat' dir='ltr'><strong>docili</strong></span> <span class='ocrx_word' id='word_1_36' title='bbox 249 967 394 1040; x_wconf 86' lang='lat' dir='ltr'><strong>camnine</strong></span> <span class='ocrx_word' id='word_1_37' title='bbox 409 965 572 1037; x_wconf 69' lang='lat' dir='ltr'><strong>ludunum</strong></span> <span class='ocrx_word' id='word_1_38' title='bbox 593 987 685 1036; x_wconf 91' lang='lat' dir='ltr'><strong>suam</strong></span> <span class='ocrx_word' id='word_1_39' title='bbox 700 965 931 1058; x_wconf 78' lang='lat' dir='ltr'><strong>lamentantes,</strong></span> <span class='ocrx_word' id='word_1_40' title='bbox 950 991 1033 1065; x_wconf 85' lang='lat' dir='ltr'><strong>quoe</strong></span> <span class='ocrx_word' id='word_1_41' title='bbox 1047 971 1239 1072; x_wconf 80' lang='lat' dir='ltr'><strong>asperrimis</strong></span> 
     </span>
     <span class='ocr_line' id='line_1_7' title="bbox 130 1079 1239 1186; baseline 0.005 -29"><span class='ocrx_word' id='word_1_42' title='bbox 130 1086 239 1158; x_wconf 76' lang='lat' dir='ltr'><strong>cerlis</strong></span> <span class='ocrx_word' id='word_1_43' title='bbox 261 1081 346 1156; x_wconf 89' lang='lat' dir='ltr'><strong>mori</strong></span> <span class='ocrx_word' id='word_1_44' title='bbox 365 1083 458 1154; x_wconf 88' lang='lat' dir='ltr'><strong>iulet</strong></span> <span class='ocrx_word' id='word_1_45' title='bbox 478 1081 674 1176; x_wconf 82' lang='lat' dir='ltr'><strong>Menelaus,</strong></span> <span class='ocrx_word' id='word_1_46' title='bbox 707 1079 857 1180; x_wconf 81' lang='lat' dir='ltr'><strong>nililque</strong></span> <span class='ocrx_word' id='word_1_47' title='bbox 881 1087 1081 1160; x_wconf 84' lang='lat' dir='ltr'><strong>commoveri</strong></span> <span class='ocrx_word' id='word_1_48' title='bbox 1099 1111 1138 1162; x_wconf 87' lang='lat' dir='ltr'><strong>se</strong></span> <span class='ocrx_word' id='word_1_49' title='bbox 1157 1113 1239 1186; x_wconf 86' lang='lat' dir='ltr'><strong>pre-</strong></span> 
     </span>
     <span class='ocr_line' id='line_1_8' title="bbox 130 1199 536 1277; baseline -0.012 0"><span class='ocrx_word' id='word_1_50' title='bbox 130 1204 224 1277; x_wconf 83' lang='lat' dir='ltr'><strong>cibus</strong></span> <span class='ocrx_word' id='word_1_51' title='bbox 244 1225 359 1275; x_wconf 92' lang='lat' dir='ltr'><strong>eorum</strong></span> <span class='ocrx_word' id='word_1_52' title='bbox 381 1199 536 1272; x_wconf 84' lang='lat' dir='ltr'><strong>affirmet.</strong></span> 
     </span>
    </p>
   </div>
   <div class='ocr_carea' id='block_1_3' title="bbox 68 1365 1246 3349">
    <p class='ocr_par' dir='ltr' id='par_1_3' title="bbox 68 1365 1246 3349">
     <span class='ocr_line' id='line_1_9' title="bbox 230 1365 1240 1472; baseline 0.006 -29"><span class='ocrx_word' id='word_1_53' title='bbox 230 1370 285 1443; x_wconf 88' lang='lat' dir='ltr'><strong>Ili</strong></span> <span class='ocrx_word' id='word_1_54' title='bbox 300 1393 379 1443; x_wconf 84' lang='lat' dir='ltr'><strong>uero</strong></span> <span class='ocrx_word' id='word_1_55' title='bbox 397 1367 521 1442; x_wconf 84' lang='lat' dir='ltr'><strong>Peleus</strong></span> <span class='ocrx_word' id='word_1_56' title='bbox 537 1365 682 1459; x_wconf 86' lang='lat' dir='ltr'><strong>aduenit,</strong></span> <span class='ocrx_word' id='word_1_57' title='bbox 707 1367 762 1440; x_wconf 89' lang='lat' dir='ltr'><strong>eui</strong></span> <span class='ocrx_word' id='word_1_58' title='bbox 784 1393 880 1465; x_wconf 86' lang='lat' dir='ltr'><strong>quum</strong></span> <span class='ocrx_word' id='word_1_59' title='bbox 898 1372 1069 1468; x_wconf 83' lang='lat' dir='ltr'><strong>quaerenti</strong></span> <span class='ocrx_word' id='word_1_60' title='bbox 1086 1373 1164 1472; x_wconf 87' lang='lat' dir='ltr'><strong>qnid</strong></span> <span class='ocrx_word' id='word_1_61' title='bbox 1184 1375 1240 1450; x_wconf 87' lang='lat' dir='ltr'><strong>lic</strong></span> 
     </span>
     <span class='ocr_line' id='line_1_10' title="bbox 129 1484 1240 1588; baseline 0.002 -24"><span class='ocrx_word' id='word_1_62' title='bbox 129 1496 249 1586; x_wconf 78' lang='lat' dir='ltr'><strong>agatur</strong></span> <span class='ocrx_word' id='word_1_63' title='bbox 271 1487 387 1588; x_wconf 86' lang='lat' dir='ltr'><strong>paucis</strong></span> <span class='ocrx_word' id='word_1_64' title='bbox 411 1513 480 1561; x_wconf 92' lang='lat' dir='ltr'><strong>rcm</strong></span> <span class='ocrx_word' id='word_1_65' title='bbox 509 1485 694 1584; x_wconf 85' lang='lat' dir='ltr'><strong>aperuisset</strong></span> <span class='ocrx_word' id='word_1_66' title='bbox 716 1484 971 1581; x_wconf 79' lang='lat' dir='ltr'><strong>Andromacha,</strong></span> <span class='ocrx_word' id='word_1_67' title='bbox 1004 1491 1152 1587; x_wconf 84' lang='lat' dir='ltr'><strong>graviter</strong></span> <span class='ocrx_word' id='word_1_68' title='bbox 1181 1493 1240 1568; x_wconf 90' lang='lat' dir='ltr'><strong>ille</strong></span> 
     </span>
     <span class='ocr_line' id='line_1_11' title="bbox 131 1601 1241 1707; baseline 0.002 -27"><span class='ocrx_word' id='word_1_69' title='bbox 131 1608 285 1705; x_wconf 77' lang='lat' dir='ltr'><strong>obiurgat</strong></span> <span class='ocrx_word' id='word_1_70' title='bbox 301 1605 503 1678; x_wconf 91' lang='lat' dir='ltr'><strong>Menelaum.</strong></span> <span class='ocrx_word' id='word_1_71' title='bbox 554 1601 638 1676; x_wconf 90' lang='lat' dir='ltr'><strong>Inde</strong></span> <span class='ocrx_word' id='word_1_72' title='bbox 654 1601 826 1675; x_wconf 86' lang='lat' dir='ltr'><strong>vehemens</strong></span> <span class='ocrx_word' id='word_1_73' title='bbox 842 1602 930 1677; x_wconf 92' lang='lat' dir='ltr'><strong>inter</strong></span> <span class='ocrx_word' id='word_1_74' title='bbox 945 1612 1118 1707; x_wconf 90' lang='lat' dir='ltr'><strong>utrumque</strong></span> <span class='ocrx_word' id='word_1_75' title='bbox 1133 1610 1241 1682; x_wconf 87' lang='lat' dir='ltr'><strong>alter·</strong></span> 
     </span>
     <span class='ocr_line' id='line_1_12' title="bbox 132 1716 1241 1819; baseline 0.001 -20"><span class='ocrx_word' id='word_1_76' title='bbox 132 1725 239 1816; x_wconf 86' lang='lat' dir='ltr'><strong>catio,</strong></span> <span class='ocrx_word' id='word_1_77' title='bbox 272 1721 435 1819; x_wconf 84' lang='lat' dir='ltr'><strong>solvitque</strong></span> <span class='ocrx_word' id='word_1_78' title='bbox 458 1720 531 1818; x_wconf 90' lang='lat' dir='ltr'><strong>ipse</strong></span> <span class='ocrx_word' id='word_1_79' title='bbox 557 1716 682 1792; x_wconf 87' lang='lat' dir='ltr'><strong>Peleus</strong></span> <span class='ocrx_word' id='word_1_80' title='bbox 710 1718 844 1793; x_wconf 82' lang='lat' dir='ltr'><strong>uincula</strong></span> <span class='ocrx_word' id='word_1_81' title='bbox 868 1721 1143 1818; x_wconf 76' lang='lat' dir='ltr'><strong>Andromachae,</strong></span> <span class='ocrx_word' id='word_1_82' title='bbox 1174 1727 1241 1800; x_wconf 89' lang='lat' dir='ltr'><strong>nou</strong></span> 
     </span>
     <span class='ocr_line' id='line_1_13' title="bbox 68 1836 1240 1941; baseline 0 -25"><span class='ocrx_word' id='word_1_83' title='bbox 68 1923 71 1930; x_wconf 58' lang='grc'><strong>,</strong></span> <span class='ocrx_word' id='word_1_84' title='bbox 133 1842 276 1916; x_wconf 84' lang='lat' dir='ltr'><strong>audente</strong></span> <span class='ocrx_word' id='word_1_85' title='bbox 310 1839 489 1941; x_wconf 81' lang='lat' dir='ltr'><strong>prclriluerc</strong></span> <span class='ocrx_word' id='word_1_86' title='bbox 522 1836 699 1910; x_wconf 85' lang='lat' dir='ltr'><strong>Menelao:</strong></span> <span class='ocrx_word' id='word_1_87' title='bbox 744 1837 801 1936; x_wconf 90' lang='lat' dir='ltr'><strong>qui</strong></span> <span class='ocrx_word' id='word_1_88' title='bbox 833 1848 946 1938; x_wconf 89' lang='lat' dir='ltr'><strong>aperte</strong></span> <span class='ocrx_word' id='word_1_89' title='bbox 982 1840 1101 1915; x_wconf 87' lang='lat' dir='ltr'><strong>timens</strong></span> <span class='ocrx_word' id='word_1_90' title='bbox 1134 1843 1240 1917; x_wconf 90' lang='lat' dir='ltr'><strong>minas</strong></span> 
     </span>
     <span class='ocr_line' id='line_1_14' title="bbox 133 1954 1242 2059; baseline 0.002 -27"><span class='ocrx_word' id='word_1_91' title='bbox 133 1958 281 2059; x_wconf 85' lang='lat' dir='ltr'><strong>quamuis</strong></span> <span class='ocrx_word' id='word_1_92' title='bbox 295 1955 475 2055; x_wconf 79' lang='lat' dir='ltr'><strong>grandaevi</strong></span> <span class='ocrx_word' id='word_1_93' title='bbox 491 1955 593 2045; x_wconf 86' lang='lat' dir='ltr'><strong>senis,</strong></span> <span class='ocrx_word' id='word_1_94' title='bbox 617 1954 819 2054; x_wconf 77' lang='lat' dir='ltr'><strong>subigendae</strong></span> <span class='ocrx_word' id='word_1_95' title='bbox 841 1957 1011 2030; x_wconf 89' lang='lat' dir='ltr'><strong>cuiusdam</strong></span> <span class='ocrx_word' id='word_1_96' title='bbox 1028 1959 1120 2034; x_wconf 85' lang='lat' dir='ltr'><strong>urbis</strong></span> <span class='ocrx_word' id='word_1_97' title='bbox 1141 1985 1242 2059; x_wconf 89' lang='lat' dir='ltr'><strong>prae·</strong></span> 
     </span>
     <span class='ocr_line' id='line_1_15' title="bbox 133 2071 1242 2172; baseline -0.001 -21"><span class='ocrx_word' id='word_1_98' title='bbox 133 2086 226 2151; x_wconf 84' lang='lat' dir='ltr'><strong>terto</strong></span> <span class='ocrx_word' id='word_1_99' title='bbox 250 2073 383 2172; x_wconf 79' lang='lat' dir='ltr'><strong>negotio</strong></span> <span class='ocrx_word' id='word_1_100' title='bbox 409 2071 567 2172; x_wconf 79' lang='lat' dir='ltr'><strong>Spartam</strong></span> <span class='ocrx_word' id='word_1_101' title='bbox 589 2072 676 2164; x_wconf 80' lang='lat' dir='ltr'><strong>aluit,</strong></span> <span class='ocrx_word' id='word_1_102' title='bbox 703 2097 852 2145; x_wconf 86' lang='lat' dir='ltr'><strong>caussam</strong></span> <span class='ocrx_word' id='word_1_103' title='bbox 882 2099 975 2147; x_wconf 88' lang='lat' dir='ltr'><strong>suum</strong></span> <span class='ocrx_word' id='word_1_104' title='bbox 994 2101 1127 2152; x_wconf 87' lang='lat' dir='ltr'><strong>reuerso</strong></span> <span class='ocrx_word' id='word_1_105' title='bbox 1144 2076 1242 2151; x_wconf 89' lang='lat' dir='ltr'><strong>Neo·</strong></span> 
     </span>
     <span class='ocr_line' id='line_1_16' title="bbox 131 2187 1241 2294; baseline 0.003 -26"><span class='ocrx_word' id='word_1_106' title='bbox 131 2195 330 2294; x_wconf 85' lang='lat' dir='ltr'><strong>ptolemaee</strong></span> <span class='ocrx_word' id='word_1_107' title='bbox 353 2201 502 2264; x_wconf 87' lang='lat' dir='ltr'><strong>acturum</strong></span> <span class='ocrx_word' id='word_1_108' title='bbox 524 2190 649 2264; x_wconf 86' lang='lat' dir='ltr'><strong>dicens.</strong></span> <span class='ocrx_word' id='word_1_109' title='bbox 702 2187 756 2264; x_wconf 86' lang='lat' dir='ltr'><strong>Ea</strong></span> <span class='ocrx_word' id='word_1_110' title='bbox 780 2191 815 2263; x_wconf 92' lang='lat' dir='ltr'><strong>in</strong></span> <span class='ocrx_word' id='word_1_111' title='bbox 839 2216 940 2264; x_wconf 85' lang='lat' dir='ltr'><strong>scena</strong></span> <span class='ocrx_word' id='word_1_112' title='bbox 956 2217 1030 2264; x_wconf 93' lang='lat' dir='ltr'><strong>oum</strong></span> <span class='ocrx_word' id='word_1_113' title='bbox 1046 2194 1241 2271; x_wconf 84' lang='lat' dir='ltr'><strong>fortitudine</strong></span> 
     </span>
     <span class='ocr_line' id='line_1_17' title="bbox 132 2303 1242 2408; baseline -0.002 -20"><span class='ocrx_word' id='word_1_114' title='bbox 132 2312 230 2388; x_wconf 92' lang='lat' dir='ltr'><strong>Pelei</strong></span> <span class='ocrx_word' id='word_1_115' title='bbox 251 2311 299 2383; x_wconf 90' lang='lat' dir='ltr'><strong>ita</strong></span> <span class='ocrx_word' id='word_1_116' title='bbox 324 2310 507 2408; x_wconf 85' lang='lat' dir='ltr'><strong>composita</strong></span> <span class='ocrx_word' id='word_1_117' title='bbox 524 2316 574 2382; x_wconf 89' lang='lat' dir='ltr'><strong>est</strong></span> <span class='ocrx_word' id='word_1_118' title='bbox 587 2303 735 2380; x_wconf 88' lang='lat' dir='ltr'><strong>Menelai</strong></span> <span class='ocrx_word' id='word_1_119' title='bbox 755 2309 901 2407; x_wconf 83' lang='lat' dir='ltr'><strong>ignavia,</strong></span> <span class='ocrx_word' id='word_1_120' title='bbox 922 2317 959 2382; x_wconf 91' lang='lat' dir='ltr'><strong>ut</strong></span> <span class='ocrx_word' id='word_1_121' title='bbox 980 2310 1039 2384; x_wconf 93' lang='lat' dir='ltr'><strong>ille</strong></span> <span class='ocrx_word' id='word_1_122' title='bbox 1062 2336 1149 2385; x_wconf 91' lang='lat' dir='ltr'><strong>nunc</strong></span> <span class='ocrx_word' id='word_1_123' title='bbox 1175 2337 1242 2386; x_wconf 94' lang='lat' dir='ltr'><strong>non</strong></span> 
     </span>
     <span class='ocr_line' id='line_1_18' title="bbox 134 2425 1243 2527; baseline -0.005 -19"><span class='ocrx_word' id='word_1_124' title='bbox 134 2433 241 2508; x_wconf 87' lang='lat' dir='ltr'><strong>minus</strong></span> <span class='ocrx_word' id='word_1_125' title='bbox 264 2427 536 2518; x_wconf 85' lang='lat' dir='ltr'><strong>contemnendus,</strong></span> <span class='ocrx_word' id='word_1_126' title='bbox 563 2448 660 2525; x_wconf 92' lang='lat' dir='ltr'><strong>quam</strong></span> <span class='ocrx_word' id='word_1_127' title='bbox 676 2425 788 2522; x_wconf 87' lang='lat' dir='ltr'><strong>paullo</strong></span> <span class='ocrx_word' id='word_1_128' title='bbox 812 2434 889 2496; x_wconf 89' lang='lat' dir='ltr'><strong>ante</strong></span> <span class='ocrx_word' id='word_1_129' title='bbox 909 2425 1121 2501; x_wconf 88' lang='lat' dir='ltr'><strong>detestandus</strong></span> <span class='ocrx_word' id='word_1_130' title='bbox 1139 2454 1243 2527; x_wconf 91' lang='lat' dir='ltr'><strong>uppa-</strong></span> 
     </span>
     <span class='ocr_line' id='line_1_19' title="bbox 133 2541 1243 2641; baseline -0.004 -15"><span class='ocrx_word' id='word_1_131' title='bbox 133 2560 218 2626; x_wconf 88' lang='lat' dir='ltr'><strong>reat.</strong></span> <span class='ocrx_word' id='word_1_132' title='bbox 256 2546 353 2620; x_wconf 86' lang='lat' dir='ltr'><strong>llaec</strong></span> <span class='ocrx_word' id='word_1_133' title='bbox 368 2570 469 2621; x_wconf 87' lang='lat' dir='ltr'><strong>scena</strong></span> <span class='ocrx_word' id='word_1_134' title='bbox 484 2542 708 2616; x_wconf 85' lang='lat' dir='ltr'><strong>memorabilis</strong></span> <span class='ocrx_word' id='word_1_135' title='bbox 730 2550 781 2617; x_wconf 88' lang='lat' dir='ltr'><strong>est</strong></span> <span class='ocrx_word' id='word_1_136' title='bbox 803 2568 862 2635; x_wconf 88' lang='lat' dir='ltr'><strong>eo,</strong></span> <span class='ocrx_word' id='word_1_137' title='bbox 890 2541 989 2641; x_wconf 88' lang='lat' dir='ltr'><strong>quud,</strong></span> <span class='ocrx_word' id='word_1_138' title='bbox 1009 2552 1045 2618; x_wconf 89' lang='lat' dir='ltr'><strong>ut</strong></span> <span class='ocrx_word' id='word_1_139' title='bbox 1060 2541 1243 2622; x_wconf 81' lang='lat' dir='ltr'><strong>Elmsleius</strong></span> 
     </span>
     <span class='ocr_line' id='line_1_20' title="bbox 135 2651 1244 2764; baseline -0.002 -22"><span class='ocrx_word' id='word_1_140' title='bbox 135 2655 177 2742; x_wconf 85' lang='lat' dir='ltr'><strong>ad</strong></span> <span class='ocrx_word' id='word_1_141' title='bbox 194 2665 350 2742; x_wconf 87' lang='lat' dir='ltr'><strong>Medeam</strong></span> <span class='ocrx_word' id='word_1_142' title='bbox 366 2691 399 2764; x_wconf 86' lang='lat' dir='ltr'><strong>p.</strong></span> <span class='ocrx_word' id='word_1_143' title='bbox 414 2664 477 2735; x_wconf 77' lang='lat'><strong>72.</strong></span> <span class='ocrx_word' id='word_1_144' title='bbox 492 2659 569 2756; x_wconf 85' lang='lat'><strong>(58.</strong></span> <span class='ocrx_word' id='word_1_145' title='bbox 584 2660 635 2735; x_wconf 86' lang='lat' dir='ltr'><strong>ed.</strong></span> <span class='ocrx_word' id='word_1_146' title='bbox 652 2651 767 2760; x_wconf 89' lang='lat' dir='ltr'><strong>Lips.)</strong></span> <span class='ocrx_word' id='word_1_147' title='bbox 794 2658 888 2754; x_wconf 84' lang='lat' dir='ltr'><strong>dicit,</strong></span> <span class='ocrx_word' id='word_1_148' title='bbox 909 2670 1064 2761; x_wconf 89' lang='lat' dir='ltr'><strong>quattuor</strong></span> <span class='ocrx_word' id='word_1_149' title='bbox 1081 2688 1244 2762; x_wconf 87' lang='lat' dir='ltr'><strong>personae</strong></span> 
     </span>
     <span class='ocr_line' id='line_1_21' title="bbox 133 2775 1244 2878; baseline -0.003 -16"><span class='ocrx_word' id='word_1_150' title='bbox 133 2789 169 2861; x_wconf 94' lang='lat' dir='ltr'><strong>in</strong></span> <span class='ocrx_word' id='word_1_151' title='bbox 190 2810 291 2861; x_wconf 87' lang='lat' dir='ltr'><strong>scene</strong></span> <span class='ocrx_word' id='word_1_152' title='bbox 307 2789 406 2858; x_wconf 83' lang='lat' dir='ltr'><strong>etant.</strong></span> <span class='ocrx_word' id='word_1_153' title='bbox 437 2780 586 2854; x_wconf 85' lang='lat' dir='ltr'><strong>Putabat</strong></span> <span class='ocrx_word' id='word_1_154' title='bbox 599 2785 708 2852; x_wconf 90' lang='lat' dir='ltr'><strong>autem</strong></span> <span class='ocrx_word' id='word_1_155' title='bbox 723 2775 906 2854; x_wconf 85' lang='lat' dir='ltr'><strong>Elmsleius</strong></span> <span class='ocrx_word' id='word_1_156' title='bbox 920 2805 1114 2856; x_wconf 88' lang='lat' dir='ltr'><strong>concessum</strong></span> <span class='ocrx_word' id='word_1_157' title='bbox 1127 2783 1244 2878; x_wconf 88' lang='lat' dir='ltr'><strong>luisse,</strong></span> 
     </span>
     <span class='ocr_line' id='line_1_22' title="bbox 134 2897 1244 3004; baseline -0.007 -24"><span class='ocrx_word' id='word_1_158' title='bbox 134 2915 172 2980; x_wconf 93' lang='lat' dir='ltr'><strong>nt</strong></span> <span class='ocrx_word' id='word_1_159' title='bbox 200 2903 296 3004; x_wconf 89' lang='lat' dir='ltr'><strong>pueri</strong></span> <span class='ocrx_word' id='word_1_160' title='bbox 324 2902 498 3001; x_wconf 90' lang='lat' dir='ltr'><strong>loquentes</strong></span> <span class='ocrx_word' id='word_1_161' title='bbox 521 2907 617 2973; x_wconf 83' lang='lat' dir='ltr'><strong>entra</strong></span> <span class='ocrx_word' id='word_1_162' title='bbox 648 2921 819 2971; x_wconf 90' lang='lat' dir='ltr'><strong>numerum</strong></span> <span class='ocrx_word' id='word_1_163' title='bbox 849 2897 1149 2977; x_wconf 86' lang='lat' dir='ltr'><strong>introducerentur.</strong></span> <span class='ocrx_word' id='word_1_164' title='bbox 1202 2899 1244 2974; x_wconf 89' lang='lat' dir='ltr'><strong>Id</strong></span> 
     </span>
     <span class='ocr_line' id='line_1_23' title="bbox 134 3010 1245 3118; baseline -0.005 -20"><span class='ocrx_word' id='word_1_165' title='bbox 134 3049 202 3098; x_wconf 92' lang='lat' dir='ltr'><strong>non</strong></span> <span class='ocrx_word' id='word_1_166' title='bbox 225 3021 325 3096; x_wconf 90' lang='lat' dir='ltr'><strong>erede</strong></span> <span class='ocrx_word' id='word_1_167' title='bbox 347 3043 460 3092; x_wconf 83' lang='lat' dir='ltr'><strong>uerum</strong></span> <span class='ocrx_word' id='word_1_168' title='bbox 481 3040 569 3109; x_wconf 86' lang='lat' dir='ltr'><strong>esse,</strong></span> <span class='ocrx_word' id='word_1_169' title='bbox 594 3014 652 3089; x_wconf 86' lang='lat' dir='ltr'><strong>sed</strong></span> <span class='ocrx_word' id='word_1_170' title='bbox 676 3041 797 3113; x_wconf 91' lang='lat' dir='ltr'><strong>pueros</strong></span> <span class='ocrx_word' id='word_1_171' title='bbox 826 3015 998 3090; x_wconf 87' lang='lat' dir='ltr'><strong>dumtaxat</strong></span> <span class='ocrx_word' id='word_1_172' title='bbox 1020 3018 1061 3090; x_wconf 91' lang='lat' dir='ltr'><strong>ud</strong></span> <span class='ocrx_word' id='word_1_173' title='bbox 1083 3010 1245 3118; x_wconf 83' lang='lat' dir='ltr'><strong>agendum</strong></span> 
     </span>
     <span class='ocr_line' id='line_1_24' title="bbox 135 3133 1245 3234; baseline -0.003 -17"><span class='ocrx_word' id='word_1_174' title='bbox 135 3168 210 3217; x_wconf 91' lang='lat' dir='ltr'><strong>esse</strong></span> <span class='ocrx_word' id='word_1_175' title='bbox 238 3139 423 3227; x_wconf 81' lang='lat' dir='ltr'><strong>adhibitos,</strong></span> <span class='ocrx_word' id='word_1_176' title='bbox 460 3133 545 3232; x_wconf 91' lang='lat' dir='ltr'><strong>quod</strong></span> <span class='ocrx_word' id='word_1_177' title='bbox 565 3134 790 3206; x_wconf 84' lang='lat' dir='ltr'><strong>necessarium</strong></span> <span class='ocrx_word' id='word_1_178' title='bbox 814 3142 906 3224; x_wconf 88' lang='lat' dir='ltr'><strong>erat,</strong></span> <span class='ocrx_word' id='word_1_179' title='bbox 941 3159 982 3207; x_wconf 94' lang='lat' dir='ltr'><strong>ne</strong></span> <span class='ocrx_word' id='word_1_180' title='bbox 1011 3136 1086 3234; x_wconf 90' lang='lat' dir='ltr'><strong>ipsa</strong></span> <span class='ocrx_word' id='word_1_181' title='bbox 1114 3139 1245 3234; x_wconf 86' lang='lat' dir='ltr'><strong>species</strong></span> 
     </span>
     <span class='ocr_line' id='line_1_25' title="bbox 136 3249 1246 3349; baseline -0.002 -17"><span class='ocrx_word' id='word_1_182' title='bbox 136 3260 268 3332; x_wconf 88' lang='lat' dir='ltr'><strong>adultos</strong></span> <span class='ocrx_word' id='word_1_183' title='bbox 295 3253 502 3342; x_wconf 83' lang='lat' dir='ltr'><strong>ostenderet3</strong></span> <span class='ocrx_word' id='word_1_184' title='bbox 541 3274 624 3349; x_wconf 81' lang='lat' dir='ltr'><strong>quae</strong></span> <span class='ocrx_word' id='word_1_185' title='bbox 657 3249 709 3321; x_wconf 94' lang='lat' dir='ltr'><strong>illi</strong></span> <span class='ocrx_word' id='word_1_186' title='bbox 737 3258 845 3322; x_wconf 87' lang='lat' dir='ltr'><strong>autem</strong></span> <span class='ocrx_word' id='word_1_187' title='bbox 875 3250 1018 3324; x_wconf 88' lang='lat' dir='ltr'><strong>recitare</strong></span> <span class='ocrx_word' id='word_1_188' title='bbox 1047 3254 1100 3326; x_wconf 86' lang='lat' dir='ltr'><strong>uel</strong></span> <span class='ocrx_word' id='word_1_189' title='bbox 1116 3278 1246 3330; x_wconf 85' lang='lat' dir='ltr'><strong>canere</strong></span> 
     </span>
    </p>
   </div>
   <div class='ocr_carea' id='block_1_4' title="bbox 136 3365 1357 3470">
    <p class='ocr_par' dir='ltr' id='par_1_4' title="bbox 136 3365 1357 3470">
     <span class='ocr_line' id='line_1_26' title="bbox 136 3365 1357 3470; baseline -0.006 -21"><span class='ocrx_word' id='word_1_190' title='bbox 136 3378 308 3464; x_wconf 87' lang='lat' dir='ltr'><strong>deberent,</strong></span> <span class='ocrx_word' id='word_1_191' title='bbox 331 3380 479 3446; x_wconf 88' lang='lat' dir='ltr'><strong>curetum</strong></span> <span class='ocrx_word' id='word_1_192' title='bbox 501 3377 581 3470; x_wconf 91' lang='lat' dir='ltr'><strong>puto</strong></span> <span class='ocrx_word' id='word_1_193' title='bbox 604 3375 642 3440; x_wconf 89' lang='lat' dir='ltr'><strong>nt</strong></span> <span class='ocrx_word' id='word_1_194' title='bbox 664 3365 782 3440; x_wconf 84' lang='lat' dir='ltr'><strong>histrio</strong></span> <span class='ocrx_word' id='word_1_195' title='bbox 804 3365 929 3464; x_wconf 88' lang='lat' dir='ltr'><strong>sipario</strong></span> <span class='ocrx_word' id='word_1_196' title='bbox 950 3369 1056 3442; x_wconf 87' lang='lat' dir='ltr'><strong>oculis</strong></span> <span class='ocrx_word' id='word_1_197' title='bbox 1077 3379 1247 3469; x_wconf 85' lang='lat' dir='ltr'><strong>spectato·</strong></span> <span class='ocrx_word' id='word_1_198' title='bbox 1355 3457 1357 3462; x_wconf 21' lang='grc' dir='ltr'>Ι</span> 
     </span>
    </p>
   </div>
   <div class='ocr_carea' id='block_1_5' title="bbox 135 3482 1247 3821">
    <p class='ocr_par' dir='ltr' id='par_1_5' title="bbox 135 3482 1247 3821">
     <span class='ocr_line' id='line_1_27' title="bbox 135 3482 1246 3583; baseline -0.005 -15"><span class='ocrx_word' id='word_1_199' title='bbox 135 3494 418 3570; x_wconf 77' lang='lat' dir='ltr'><strong>rumsulrtraetus</strong></span> <span class='ocrx_word' id='word_1_200' title='bbox 441 3485 598 3560; x_wconf 89' lang='lat' dir='ltr'><strong>recitaret</strong></span> <span class='ocrx_word' id='word_1_201' title='bbox 615 3493 799 3560; x_wconf 84' lang='lat' dir='ltr'><strong>caneretve.</strong></span> <span class='ocrx_word' id='word_1_202' title='bbox 849 3482 967 3583; x_wconf 90' lang='lat' dir='ltr'><strong>Itaque</strong></span> <span class='ocrx_word' id='word_1_203' title='bbox 990 3483 1077 3560; x_wconf 90' lang='lat' dir='ltr'><strong>idem</strong></span> <span class='ocrx_word' id='word_1_204' title='bbox 1112 3487 1246 3582; x_wconf 84' lang='lat' dir='ltr'><strong>histrio,</strong></span> 
     </span>
     <span class='ocr_line' id='line_1_28' title="bbox 137 3601 1247 3710; baseline -0.001 -27"><span class='ocrx_word' id='word_1_205' title='bbox 137 3612 195 3710; x_wconf 89' lang='lat' dir='ltr'><strong>qui</strong></span> <span class='ocrx_word' id='word_1_206' title='bbox 215 3606 333 3682; x_wconf 90' lang='lat' dir='ltr'><strong>deinde</strong></span> <span class='ocrx_word' id='word_1_207' title='bbox 357 3603 497 3678; x_wconf 90' lang='lat' dir='ltr'><strong>Peleum</strong></span> <span class='ocrx_word' id='word_1_208' title='bbox 521 3605 609 3701; x_wconf 86' lang='lat' dir='ltr'><strong>agit,</strong></span> <span class='ocrx_word' id='word_1_209' title='bbox 650 3604 813 3677; x_wconf 82' lang='lat' dir='ltr'><strong>cecinisse</strong></span> <span class='ocrx_word' id='word_1_210' title='bbox 843 3601 1010 3702; x_wconf 88' lang='lat' dir='ltr'><strong>putandus</strong></span> <span class='ocrx_word' id='word_1_211' title='bbox 1042 3607 1106 3681; x_wconf 86' lang='lat' dir='ltr'><strong>erit</strong></span> <span class='ocrx_word' id='word_1_212' title='bbox 1132 3609 1247 3708; x_wconf 90' lang='lat' dir='ltr'><strong>paullo</strong></span> 
     </span>
     <span class='ocr_line' id='line_1_29' title="bbox 137 3723 758 3821; baseline -0.013 -19"><span class='ocrx_word' id='word_1_213' title='bbox 137 3737 215 3802; x_wconf 90' lang='lat' dir='ltr'><strong>aute</strong></span> <span class='ocrx_word' id='word_1_214' title='bbox 238 3724 383 3799; x_wconf 89' lang='lat' dir='ltr'><strong>Molossi</strong></span> <span class='ocrx_word' id='word_1_215' title='bbox 404 3723 550 3795; x_wconf 89' lang='lat' dir='ltr'><strong>lamenta</strong></span> <span class='ocrx_word' id='word_1_216' title='bbox 571 3729 606 3795; x_wconf 91' lang='lat' dir='ltr'><strong>ct</strong></span> <span class='ocrx_word' id='word_1_217' title='bbox 628 3746 758 3821; x_wconf 86' lang='lat' dir='ltr'><strong>preces.</strong></span> 
     </span>
    </p>
   </div>
   <div class='ocr_carea' id='block_1_6' title="bbox 137 3889 1251 4326">
    <p class='ocr_par' dir='ltr' id='par_1_6' title="bbox 137 3889 1251 4326">
     <span class='ocr_line' id='line_1_30' title="bbox 239 3889 1247 3989; baseline -0.005 -22"><span class='ocrx_word' id='word_1_218' title='bbox 239 3892 412 3967; x_wconf 87' lang='lat' dir='ltr'><strong>Liberutis</strong></span> <span class='ocrx_word' id='word_1_219' title='bbox 446 3890 662 3989; x_wconf 89' lang='lat' dir='ltr'><strong>periculoque</strong></span> <span class='ocrx_word' id='word_1_220' title='bbox 691 3892 816 3989; x_wconf 90' lang='lat' dir='ltr'><strong>ereptis</strong></span> <span class='ocrx_word' id='word_1_221' title='bbox 844 3890 1081 3966; x_wconf 79' lang='lat' dir='ltr'><strong>Andromacha</strong></span> <span class='ocrx_word' id='word_1_222' title='bbox 1112 3897 1147 3962; x_wconf 91' lang='lat' dir='ltr'><strong>et</strong></span> <span class='ocrx_word' id='word_1_223' title='bbox 1177 3889 1247 3962; x_wconf 87' lang='lat' dir='ltr'><strong>tilio</strong></span> 
     </span>
     <span class='ocr_line' id='line_1_31' title="bbox 137 4008 1248 4108; baseline -0.01 -21"><span class='ocrx_word' id='word_1_224' title='bbox 137 4014 210 4088; x_wconf 85' lang='lat' dir='ltr'><strong>eine</strong></span> <span class='ocrx_word' id='word_1_225' title='bbox 246 4013 368 4085; x_wconf 87' lang='lat' dir='ltr'><strong>clrurus</strong></span> <span class='ocrx_word' id='word_1_226' title='bbox 402 4033 498 4108; x_wconf 86' lang='lat' dir='ltr'><strong>quam</strong></span> <span class='ocrx_word' id='word_1_227' title='bbox 535 4009 742 4107; x_wconf 86' lang='lat' dir='ltr'><strong>praeclarum</strong></span> <span class='ocrx_word' id='word_1_228' title='bbox 778 4009 823 4081; x_wconf 87' lang='lat' dir='ltr'><strong>sit</strong></span> <span class='ocrx_word' id='word_1_229' title='bbox 854 4008 959 4079; x_wconf 89' lang='lat' dir='ltr'><strong>nobili</strong></span> <span class='ocrx_word' id='word_1_230' title='bbox 992 4030 1114 4102; x_wconf 83' lang='lat' dir='ltr'><strong>genere</strong></span> <span class='ocrx_word' id='word_1_231' title='bbox 1141 4013 1248 4077; x_wconf 88' lang='lat' dir='ltr'><strong>ortum</strong></span> 
     </span>
     <span class='ocr_line' id='line_1_32' title="bbox 139 4123 1251 4229; baseline -0.011 -21"><span class='ocrx_word' id='word_1_232' title='bbox 139 4157 212 4208; x_wconf 86' lang='lat' dir='ltr'><strong>esse</strong></span> <span class='ocrx_word' id='word_1_233' title='bbox 237 4129 428 4229; x_wconf 83' lang='lat' dir='ltr'><strong>praedicat,</strong></span> <span class='ocrx_word' id='word_1_234' title='bbox 451 4126 655 4222; x_wconf 88' lang='lat' dir='ltr'><strong>Peleumque</strong></span> <span class='ocrx_word' id='word_1_235' title='bbox 674 4125 774 4197; x_wconf 89' lang='lat' dir='ltr'><strong>etiam</strong></span> <span class='ocrx_word' id='word_1_236' title='bbox 798 4131 936 4222; x_wconf 86' lang='lat' dir='ltr'><strong>prepter</strong></span> <span class='ocrx_word' id='word_1_237' title='bbox 955 4123 1026 4198; x_wconf 90' lang='lat' dir='ltr'><strong>eius</strong></span> <span class='ocrx_word' id='word_1_238' title='bbox 1048 4123 1128 4196; x_wconf 92' lang='lat' dir='ltr'><strong>olim</strong></span> <span class='ocrx_word' id='word_1_239' title='bbox 1149 4123 1251 4196; x_wconf 83' lang='lat' dir='ltr'><strong>tertia</strong></span> 
     </span>
     <span class='ocr_line' id='line_1_33' title="bbox 137 4243 573 4326; baseline -0.028 0"><span class='ocrx_word' id='word_1_240' title='bbox 137 4253 228 4326; x_wconf 88' lang='lat' dir='ltr'><strong>lacta</strong></span> <span class='ocrx_word' id='word_1_241' title='bbox 252 4247 406 4321; x_wconf 82' lang='lat' dir='ltr'><strong>laudibus</strong></span> <span class='ocrx_word' id='word_1_242' title='bbox 428 4243 573 4320; x_wconf 77' lang='lat' dir='ltr'><strong>extollit.</strong></span> 
     </span>
    </p>
   </div>
   <div class='ocr_carea' id='block_1_7' title="bbox 240 4409 1250 4513">
    <p class='ocr_par' dir='ltr' id='par_1_7' title="bbox 240 4409 1250 4513">
     <span class='ocr_line' id='line_1_34' title="bbox 240 4409 1250 4513; baseline -0.004 -23"><span class='ocrx_word' id='word_1_243' title='bbox 240 4416 330 4490; x_wconf 83' lang='lat' dir='ltr'><strong>Aeta</strong></span> <span class='ocrx_word' id='word_1_244' title='bbox 350 4424 402 4490; x_wconf 89' lang='lat' dir='ltr'><strong>est</strong></span> <span class='ocrx_word' id='word_1_245' title='bbox 426 4439 481 4490; x_wconf 87' lang='lat' dir='ltr'><strong>res</strong></span> <span class='ocrx_word' id='word_1_246' title='bbox 505 4410 703 4512; x_wconf 70' lang='lat' dir='ltr'><strong>potissimae</strong></span> <span class='ocrx_word' id='word_1_247' title='bbox 725 4409 762 4484; x_wconf 92' lang='lat' dir='ltr'><strong>in</strong></span> <span class='ocrx_word' id='word_1_248' title='bbox 784 4416 855 4484; x_wconf 89' lang='lat' dir='ltr'><strong>tuto</strong></span> <span class='ocrx_word' id='word_1_249' title='bbox 877 4418 954 4484; x_wconf 89' lang='lat' dir='ltr'><strong>sunt</strong></span> <span class='ocrx_word' id='word_1_250' title='bbox 980 4409 1087 4503; x_wconf 88' lang='lat' dir='ltr'><strong>enim,</strong></span> <span class='ocrx_word' id='word_1_251' title='bbox 1111 4430 1250 4513; x_wconf 81' lang='lat' dir='ltr'><strong>quorum</strong></span> 
     </span>
    </p>
   </div>
   <div class='ocr_carea' id='block_1_8' title="bbox 0 0 1530 5140">
    <p class='ocr_par' dir='ltr' id='par_1_8' title="bbox 0 0 1530 5140">
     <span class='ocr_line' id='line_1_35' title="bbox 0 0 1530 5140; baseline 0 0"><span class='ocrx_word' id='word_1_252' title='bbox 0 0 1530 5140; x_wconf 95' lang='lat' dir='ltr'><strong> </strong></span> 
     </span>
    </p>
   </div>
  </div>
 </body>
</html>
