2994 5128
207 2075 270 2141 333

808 231 862 304 40.

373 429 429 514 τίς
453 432 560 519 ἔλεος,
586 428 642 513 τός
667 428 724 504 ὅδ’
758 429 863 530 deperio

373 553 504 654 φόνιος
528 556 682 654 ἔρχεται,

373 678 530 773 θοάζων
556 705 596 757 σε
619 680 688 757 τὸν
712 678 903 778 μέλεον,
885 673 917 754 nl
943 677 1092 779 δάκρυα

375 806 535 909 ιλάκρυσι
561 803 766 907 συμβάλλει
880 883 884 888 ,

374 931 544 1036 πορεύων
567 963 623 1018 τις
648 938 698 1017 sle
723 929 844 1085 δόμρν
872 899 1092 1030 ἀλαστόρων

374 1061 532 1163 ματέρος
557 1059 652 1157 αἷμα
678 1067 759 1148 σᾶς,
786 1057 807 1131 ό
833 1058 885 1132 0².
898 1056 1173 1155 ἄναβακχιύει;

374 1181 690 1284 κατολοφύρομαι,
717 1180 1031 1283 κατολοφύρομαι.

377 1313 396 1388 ὃ
422 1313 537 1415 μόφας
562 1313 672 1408 ὄλβος
697 1309 744 1386 ού
768 1304 927 1406 μόνιμος
951 1312 994 1385 ἐν
1017 1311 1185 1409 βροτοῖς·

378 1440 452 1516 duc
477 1436 519 1514 δὲ
545 1443 677 1537 λαῖφος
703 1434 753 1520 ὥς
777 1465 832 1521 τις
858 1433 1001 1512 ἀκάτου
1027 1440 1124 1520 θοᾶς

376 1562 527 1650 τινάξας
551 1563 701 1661 δαίμων
731 1561 952 1637 κατέκλυσεν
977 1561 1113 1638 δεινῶν
1180 1651 1184 1654 ,

377 1689 531 1791 λάβροις
555 1689 782 1787 ὀλεθρίοισιν
807 1693 848 1766 ἐν
873 1686 1037 1786 κύμασιν

378 1816 519 1907 πόνων,
546 1817 596 1901 ὥς
622 1814 772 1891 πόντου.

377 1943 462 2019 τίνα
487 1941 560 2046 γάρ
588 1945 639 2017 ἔτι
666 1940 782 2042 πάρος
808 1939 910 2018 οἶκον
936 1943 1050 2017 ἄλλον

380 2071 504 2170 ἕτερον
529 2069 553 2168 ἢ
579 2067 646 2146 τόν
672 2067 745 2144 άπὸ
771 2065 969 2170 θεογόνων
998 2063 1146 2171 γάμων,

364 2372 436 2437 325.
458 2379 609 2448 Porsonus‚
636 2376 705 2454 quod
726 2381 754 2436 in
775 2377 928 2454 quibusdam
952 2377 1021 2436 Μαι.
1043 2369 1194 2453 συμβόλει
1216 2381 1398 2456 scriptumst,

279 2464 441 2542 συμβαλεῖ,
463 2464 527 2523 nihil
550 2483 644 2522 oureus
665 2467 828 2534 sententiam,
851 2462 911 2520 dum
934 2470 1061 2536 metrum,
1088 2464 1164 2540 quale
1190 2467 1243 2540 ipsi
1263 2464 1398 2528 videbatur,

279 2550 379 2607 salvum
402 2556 481 2606 esset.
613 2587 615 2592 .

364 2631 436 2691 320.
458 2633 533 2690 Litri
561 2632 603 2705 εἰς
629 2628 763 2711 δόμους,
795 2632 863 2708 quod
896 2653 929 2690 ex
950 2632 1072 2690 Triclinii
1103 2629 1285 2690 emendatione
1312 2637 1341 2692 in
1365 2627 1399 2697 εἷς

279 2712 376 2796 ύόμον
397 2728 534 2777 mutatum.
580 2757 583 2764 ,

360 2802 439 2866 327.
459 2803 548 2860 Libri.
573 2797 707 2901 ματέρος
729 2792 806 2875 αἷμα
828 2800 903 2871 σᾶς,
926 2789 943 2856 ό
964 2794 997 2858 o’
1021 2791 1232 2909 ἀναβακχεύει.
1285 2803 1400 2899 Corrupit

279 2906 384 2947 uersum
405 2887 555 2956 Personas,
591 2889 635 2960 qui
657 2905 690 2940 ex
711 2883 874 2961 Musgrarii.
881 2887 1031 2942 coniectura
1050 2880 1169 2963 ματρὸς
1189 2877 1269 2960 αἷμα
1291 2889 1358 2957 σᾶς,
1386 2874 1399 2940 ’ό

241 3001 253 3010 ·
281 2993 300 3033 σ
337 2967 524 3047 άναβακχιοι
541 2969 619 3026 dedit.
663 2967 837 3026 Scholiastam
865 2973 999 3025 metricum
1026 2974 1064 3027 ita
1092 2971 1190 3074 legisse
1210 2975 1321 3049 putabat
1340 2971 1401 3030 Mat·

280 3058 359 3126 thiae,
382 3077 434 3113 non
456 3061 513 3113 sinc
535 3073 620 3112 errore
641 3061 738 3112 tamen.
766 3055 815 3112 Is
843 3073 921 3129 quum
949 3056 1058 3112 scribat:
1085 3049 1121 3114 τό
1149 3048 1177 3128 ζ’
1202 3049 1401 3136 χοριαμβικόι

280 3144 441 3242 τρίμετρον
463 3135 737 3216 καταληκτικὸνέκ
737 3133 961 3243 χοριάμβυν,
980 3131 1186 3217 dursplrov'
1155 3162 1196 3212 α,
1228 3139 1278 3200 καὶ
1303 3159 1401 3242 κρητι·

282 3229 337 3286 κοῦ
360 3222 412 3286 διὰ
433 3221 489 3305 τὴν
510 3220 692 3305 ἀδιάφορον.
713 3221 748 3284 τὸ
771 3226 825 3300 τῆς
847 3218 1053 3328 ἀναστροφῆς
1074 3221 1108 3283 dd
1123 3225 1222 3285 κῶλον
1239 3217 1401 3288 πεντασύλ-

281 3307 419 3390 lostost
401 3331 459 3388 ιχιι
481 3307 533 3370 τὸν
555 3309 724 3388 ἐπίτριτον·
749 3314 836 3386 potius
867 3302 901 3379 ός
926 3303 959 3366 σ
991 3305 1178 3386 άναβακχιοῖ
1200 3312 1251 3388 leg
1227 3329 1300 3370 erese
1322 3309 1402 3376 videa·

281 3409 332 3454 tur.
376 3395 405 3452 Si
432 3397 552 3453 nolebant
572 3396 686 3466 syllabas
707 3394 814 3466 syllabis
836 3413 993 3470 exaequare,
1025 3397 1139 3452 scribere
1167 3391 1337 3454 delebaut¹⁷
1319 3386 1399 3468 οςσ’

283 3478 448 3554 ἓκβακχιοῖ.
493 3479 628 3554 Lepcitani
648 3481 716 3535 enim
739 3477 851 3553 quidam,
875 3486 905 3536 ut
925 3499 959 3536 ex
980 3479 1088 3538 scholiis
1110 3485 1284 3559 cognoscitur,
1306 3472 1401 3552 tgo’

283 3563 415 3622 seuvino
437 3527 610 3621 ιάτ.305.

369 3645 441 3704 331.
454 3645 556 3704 ·Libri.
589 3640 770 3704 ansdxlvosv
796 3643 901 3704 δεινῶν
929 3638 1092 3720 πόνων,”
1071 3669 1113 3721 ως
1141 3643 1254 3709 πόντου
1280 3646 1361 3732 intpp
1363 3665 1402 3716 οις

158 3778 162 3786 ,
283 3729 468 3812 ὀλεθρίοισιν
489 3729 521 3791 ἐν
541 3722 690 3807 κύμασιν·
718 3735 762 3807 qui
790 3739 852 3789 sunt
876 3731 978 3807 quidem
1000 3741 1122 3810 quattuor
1143 3733 1265 3804 docimii,
1286 3735 1403 3794 sednon

282 3821 347 3877 bene
374 3825 546 3897 congruentes
574 3837 631 3875 cum
661 3818 809 3894 strophicis.
858 3816 895 3877 At
923 3818 1000 3876 facile
1029 3820 1160 3896 apparebit
1180 3819 1402 3879 considerantial

284 3909 423 3981 interprete
453 3903 593 3960 indicatam
625 3907 841 3961 constructionem
874 3904 1009 3960 verborum
1042 3905 1152 3973 fecisse,
1184 3914 1215 3963 ut
1240 3897 1340 3965 ιιόιων
1365 3893 1403 3971 ὡς

284 3984 397 4048 πόντου
420 3991 451 4046 air
473 4007 520 4045 suo
541 3990 627 4046 looo'
621 4009 647 4045 un
669 3989 748 4044 alium
771 3988 964 4045 tu·.anslerretur

370 4070 443 4131 335.
465 4074 604 4130 Satist
558 4071 673 4130 defendit
693 4073 858 4129 Dalzelius'
851 4091 878 4127 m
900 4071 989 4128 liiddii
1011 4070 1239 4150 Miscellaneinp.
1259 4039 1332 4133 200.
1353 4063 1402 4132 άλ-

165 4207 170 4214 .
286 4157 379 4216 lov⁰
362 4177 472 4233 ιτιρον,
494 4177 602 4233 quorum
624 4155 807 4214 vocabulorum
830 4155 873 4210 alii
897 4154 999 4212 codices
1019 4159 1100 4232 prius,
1121 4157 1167 4214 alii
1187 4162 1360 4261 posterius
1334 4159 1402 4217 omit·

284 4253 350 4302 tunt.
401 4243 464 4301 Nou
486 4249 526 4298 est
547 4241 668 4298 credibile
689 4238 792 4296 domum
814 4238 995 4316 Pelopidarum
1021 4234 1113 4298 rdv'
1095 4236 1157 4299 ατιό
1179 4234 1334 4323 θεογόνων
1351 4232 1403 4322 φά-

284 4347 352 4403 μων
374 4325 424 4384 dici
446 4325 495 4383 luac
515 4333 614 4383 tantum
636 4341 730 4382 caussa
757 4327 888 4400 potuisse,
914 4323 983 4400 quod
1003 4325 1133 4383 Tantalum
1158 4327 1229 4386 filius
1256 4329 1328 4388 loris
1352 4328 1403 4384 fue·

285 4415 333 4468 rit:
356 4417 434 4468 iuuuro
456 4419 594 4485 utrumque
615 4415 746 4486 parentem
768 4410 799 4465 ab
820 4408 872 4466 diis
893 4415 978 4470 ortum
999 4411 1142 4488 significari
1163 4431 1270 4470 necesse
1291 4421 1340 4472 est.
1361 4407 1403 4468 vi·

287 4495 362 4552 detur
384 4515 445 4573 ergo
468 4493 606 4569 Euripides
633 4493 754 4569 Pelopem
783 4513 816 4552 ex
843 4493 929 4552 Dione
955 4493 1071 4553 Atlantis
1098 4496 1153 4553 iilia
1179 4505 1268 4556 natum
1295 4506 1403 4576 putasse,
