3026 5134
651 299 728 348 xm

126 476 319 553 surdissime
357 476 471 573 paullo
514 485 592 574 post
629 475 778 549 dicerent
814 470 941 558 πόλεος
972 475 1244 575 ίκιιροκριθοῖδ

75 577 78 582 ’
125 605 217 699 ἐμᾶς
248 595 542 698 καλλιστεύματι,
577 600 697 699 Λοξίᾳ
703 636 716 690 ,-
744 602 854 674 urbem
889 611 1126 695 memorantes,
1154 605 1247 678 cuius

124 755 244 804 nomen
277 731 468 804 reticerent.
521 729 653 802 Tantas
686 729 798 801 turbas
832 728 992 814 excitarit
1025 729 1120 802 unius
1148 756 1248 806 voce-

124 857 211 932 buli
227 857 314 928 lalsa
346 856 590 952 interpretatio.
642 853 728 930 Nam
769 855 833 929 etsi
867 879 1103 953 saepenumero
1135 855 1247 956 ἀκρο-

123 981 235 1059 θίνια
268 982 434 1079 primitiae
468 982 650 1079 spoliorum
684 990 719 1055 et
751 981 894 1078 praedae
929 981 1102 1075 dicuntur,
1136 991 1246 1056 tamen

122 1134 187 1182 nco
212 1109 348 1206 propria
373 1109 455 1182 hace
481 1117 533 1184 est
557 1109 655 1182 huius
681 1107 832 1182 vocabuli
857 1107 1072 1203 significatio,
1099 1117 1133 1182 et
1158 1112 1246 1182 mul-

122 1237 169 1308 tis
195 1237 357 1332 exemplis
384 1243 514 1309 constat
542 1235 673 1332 quasvis
698 1234 861 1331 primitias
888 1242 922 1306 et
939 1235 1096 1332 quidquid
1120 1237 1153 1309 in
1181 1238 1246 1310 ali·

123 1387 189 1459 quo
207 1387 342 1435 numero
357 1361 673 1458 praestantissimum
690 1368 742 1434 est
759 1385 799 1433 eo
825 1361 1145 1460 nomineappellari.
1171 1362 1245 1436 Ita-

122 1513 188 1584 que
222 1513 318 1585 quum
354 1488 475 1561 chorus
509 1513 545 1562 se
573 1513 605 1560 v.
633 1490 721 1564 283.
748 1483 859 1584 δορὸςΙ
884 1484 1107 1585 ἀκροθίνιον
1132 1499 1242 1584 vocat,

120 1616 172 1707 id,
205 1616 285 1688 licet
318 1614 469 1711 ambigue
502 1615 624 1689 dictum
661 1615 718 1706 sit,
753 1614 803 1686 sio
838 1613 1064 1711 accipiendum
1099 1624 1169 1707 est,
1192 1610 1244 1692 ¹ut

119 1741 334 1838 Agenoridae
367 1765 411 1813 ex
438 1765 517 1813 suae
544 1741 634 1814 urhis
661 1740 747 1836 Tyri
780 1740 961 1838 virginibus
987 1740 1243 1816 formosissimas
1369 1767 1372 1774 '

117 1877 261 1966 propter
291 1875 492 1965 reportatam
533 1868 676 1964 aliquam
716 1867 887 1940 victoriam
924 1866 964 1940 de
1001 1867 1110 1960 hoste,
1146 1893 1242 1966 quem

117 2020 188 2068 uon
212 1994 393 2068 nominarit
417 2000 529 2092 poeta,
555 1994 708 2091 Apollini
734 1994 853 2066 donum
875 1993 1006 2066 mittere
1022 1995 1241 2070 decreverint.

119 2120 278 2195 Ceterum
313 2121 447 2193 chorum
481 2119 737 2193 Plroeuisearum
763 2121 939 2217 peregrino
966 2121 1080 2194 habitu
1106 2130 1242 2196 ornatu·
1314 2107 1317 2111 ⁵

119 2273 186 2346 que
211 2247 365 2321 habuisse
392 2247 479 2344 quod
505 2253 710 2344 spectatores
743 2246 930 2319 adverteret
955 2272 1133 2346 eorumque
1160 2275 1242 2322 ocu·
1329 2313 1332 2316 ,

116 2374 165 2447 lis
197 2359 338 2471 aliquem
372 2399 415 2446 ex
446 2374 578 2446 insueto
612 2373 814 2469 uoluptatem
840 2382 981 2466 crearet,
1008 2375 1073 2446 iem
1100 2374 1241 2450 Grotius

118 2501 366 2574 observaverat.
403 2498 535 2573 Vocem
561 2507 596 2572 et
621 2507 737 2571 cantus
763 2500 1033 2597 peregrinitatem
1059 2502 1242 2578 addendam

118 2628 251 2726 putarit
286 2625 348 2698 Fr.
383 2627 458 2699 Th.
487 2625 694 2698 Welckerus
727 2626 761 2698 in
794 2625 934 2699 Diurnis
967 2627 1176 2703 scholasticis
1209 2655 1242 2706 a.
1273 2713 1277 2717 ¹

114 2751 456 2828 MDCCGXXXII.
482 2777 516 2855 p.
544 2755 633 2829 233.
660 2775 700 2825 eo
727 2762 943 2849 argumento,
980 2756 1066 2850 quod
1093 2757 1145 2829 his
1172 2758 1241 2830 rir-
1348 2833 1350 2840 ,

115 2882 251 2980 ginibas
285 2877 472 2956 Φοίνισσα
507 2887 541 2952 et
564 2874 762 2986 βάρβαρος
786 2876 862 2977 flod
889 2880 1065 2975 tribuatur,
1092 2909 1157 2957 non
1183 2909 1241 2958 re-

115 3016 239 3106 putans
280 3007 364 3079 hacc
393 3007 543 3104 tragicos
580 3006 788 3078 audientibus
823 3008 1000 3104 cogitanda
1035 3010 1239 3107 relinquere.

115 3133 182 3208 Sic
206 3133 322 3230 Phryx
346 3135 381 3205 in
409 3131 532 3208 Oreste
556 3127 713 3206 Ἀσιάδα
740 3125 891 3228 φωνήν,
925 3135 975 3206 sic
1001 3131 1142 3208 Orestes
1167 3137 1239 3210 Ae-

115 3261 224 3357 schyli
248 3253 416 3362 γλώσσης
441 3257 560 3356 ἀϋτὴν
587 3255 773 3344 Φωκίδος,
800 3257 850 3328 sio
875 3258 959 3330 idern
988 3259 1073 3355 apud
1100 3258 1238 3358 Sopho-

115 3387 203 3461 clem
229 3383 361 3485 φωνὴν
383 3382 649 3485 Παρνησσίδα,
676 3393 773 3482 atque
799 3383 857 3456 alii
884 3385 950 3457 alia
974 3386 1175 3480 huiusmodi,
1200 3398 1238 3462 ut

114 3514 243 3586 Persae
276 3512 435 3608 Aeschyli
469 3520 504 3584 et
536 3511 730 3611 Supplices,
763 3521 959 3590 memorant.
1010 3511 1086 3586 Nec
1109 3517 1237 3588 numeri

114 3664 289 3732 versuum,
323 3665 365 3712 ex
400 3640 516 3737 quihus
553 3639 634 3713 solis
671 3639 711 3711 de
739 3645 855 3712 cantus
881 3639 987 3712 modis
1014 3641 1236 3716 coniecturam

115 3768 228 3840 lacere
259 3767 353 3858 licet,
380 3766 502 3838 habent
527 3764 563 3840 in
588 3763 797 3858 Phoenissis,
825 3764 911 3861 quod
939 3766 1128 3838 inusitatum
1149 3769 1235 3864 'quid

115 3899 173 3964 aut
198 3893 411 3986 peregrinum
437 3913 555 3968 sonare
585 3892 745 3963 videatur.
802 3889 895 3963 'Illud
921 3917 1014 3972 vcro
1027 3892 1233 3966 Welckerus

114 4009 220 4088 multo
236 4016 352 4112 magis
379 4017 529 4088 mirabile
555 4015 689 4106 adiecit,
717 4041 757 4087 ea
777 4040 894 4089 caussa
910 4016 1106 4116 Euripidem
1120 4018 1234 4094 Phoe·
1336 4092 1340 4097 ,

113 4143 223 4218 missas
249 4141 394 4237 virgines
419 4140 455 4210 in
482 4139 682 4212 orchestram
708 4141 971 4234 produxissent
994 4147 1030 4218 iu
1044 4148 1232 4222 memoriam

112 4277 286 4345 reuocaret
310 4263 582 4355 Atheniensibus,
609 4285 705 4359 quam
730 4289 796 4337 non
821 4272 859 4337 ut
875 4255 1038 4364 Graecos,
1059 4275 1118 4346 sed
1132 4276 1232 4372 plane

113 4411 150 4470 ut
175 4406 336 4496 cognatos
360 4390 604 4484 Phoenicibus,
639 4412 776 4487 quorum
801 4389 938 4466 namlrus
963 4381 1008 4465 ad
1030 4395 1230 4474 Salaminem
1288 4498 1293 4510 .
