3022 5140
812 309 861 376 20

654 488 942 588 ἀντιστροφὴ
969 486 1024 585 β’.

283 604 501 707 οἶκτοοτοίτα
527 608 600 712 γὰρ
624 612 743 714 ἔμοιγ’
772 615 914 711 ἔμολες,
946 611 1057 716 γύναι
1081 611 1203 701 Ἰλιὰς,
1231 615 1371 694 οἴκους·

381 733 580 810 δεσποτῶν
600 734 639 808 d'
668 739 770 832 ἐμῶν
795 735 906 837 φόβῳ

383 857 543 953 ἡσυχίαν
570 860 722 962 ἄγομεν,
822 921 827 926 .

385 981 428 1056 τὸ
454 981 494 1056 dd
522 982 590 1058 σὸν
615 988 726 1086 οἴκτῳ
754 985 918 1086 φέρουσα
944 982 1131 1088 τυγχάνω,

384 1104 436 1201 μὴ
464 1112 550 1191 παῖς
577 1108 600 1181 oi
626 1117 693 1192 τοῖς
719 1107 806 1195 Διὸς
830 1109 944 1211 κόρας

285 1274 292 1284 ·
387 1229 444 1304 σοι’
469 1232 512 1326 μ’
541 1229 581 1306 εὖ
608 1243 826 1334 φρονοῦσαν
850 1236 949 1336 εὕρῃ.

692 1423 724 1490 Ε
733 1426 851 1495 ΡΜΙ
861 1422 940 1496 ΟΝ
943 1423 993 1492 Η.
1061 1461 1062 1464 ¹

282 1548 425 1647 κόσμον
449 1547 519 1646 μὲν
546 1550 644 1649 ἀμφὶ
670 1554 780 1651 κρατὶ
802 1552 963 1656 χρυσέας
983 1507 1112 1647 placitis·

364 1821 435 1883 145.
480 1818 555 1878 Vide
578 1819 613 1878 ad
634 1843 663 1879 v.
686 1823 757 1884 139.

365 1917 436 1982 146.
480 1918 561 1977 Libri
583 1918 641 2004 idq.
679 1920 856 1992 Brunckius‚
882 1941 962 1999 quem
986 1921 1097 1999 sequuti
1120 1930 1185 1978 sunt
1206 1917 1312 1975 caeteri
1334 1914 1395 1974 cdi-

280 2014 368 2073 tores,
392 2000 551 2079 Musgravii
573 2004 764 2062 coniecturam
788 2003 850 2082 εἰδῇ
872 2006 989 2083 reecpit.
1035 2003 1076 2060 At
1097 2004 1151 2061 hoc
1174 2003 1316 2060 soloecum
1337 2011 1392 2071 est,

281 2085 390 2164 siquis
413 2085 467 2142 hoe
487 2084 586 2157 uerbo,
611 2096 641 2143 ut
660 2086 820 2159 Matthiae,
834 2077 1000 2164 'cognoscat
1024 2086 1179 2164 significari
1204 2084 1273 2142 vult.
1317 2081 1393 2140 Nam

281 2167 359 2253 ε’ἰδῇ,
386 2168 435 2246 qui
461 2178 506 2226 est
534 2169 653 2246 perfecti
683 2171 894 2241 coniunctivus‚
927 2191 982 2229 non
1004 2180 1097 2248 potest
1118 2165 1195 2226 aliud
1215 2186 1298 2246 quam
1320 2169 1395 2225 scoot

281 2251 453 2329 significare.
505 2249 637 2310 Disserui
668 2251 702 2311 de
732 2254 786 2311 hoe
809 2253 872 2310 loco
893 2252 929 2311 ad
954 2253 1046 2331 lphig.
1072 2251 1161 2309 Taur.
1182 2251 1255 2312 930.
1279 2248 1393 2326 dixique

281 2345 357 2393 stare
377 2353 461 2414 posse
482 2332 532 2417 ἴδῃ
553 2335 647 2394 verbis
669 2338 708 2395 ita
724 2336 882 2408 collocatis,
906 2325 939 2396 εὖ
958 2336 1005 2398 σοί
1028 2331 1058 2414 μ’
1086 2333 1135 2418 ἴδῃ
1159 2335 1342 2413 φρονοῦσαν,
1364 2333 1393 2388 in

281 2413 357 2497 quod
378 2415 478 2476 incidit
498 2419 582 2475 etiam
605 2417 789 2498 LentingiuS,
814 2417 864 2478 scd
880 2419 1044 2497 suspicabar
1060 2429 1154 2476 tauma
1171 2417 1317 2494 scripsisse
1333 2413 1394 2473 Eu-

280 2500 400 2580 ripidem
422 2497 500 2584 εὕρῃ.
548 2500 626 2560 Nam
654 2514 686 2561 ut
718 2503 944 2580 transpositionis
973 2502 1123 2560 violentius
1153 2500 1287 2558 auxilium
1311 2499 1410 2576 prae?

281 2595 404 2655 teream,
436 2585 520 2642 etiam
551 2585 701 2644 collocatio
731 2587 786 2644 ista
806 2585 956 2644 verborum
978 2605 1034 2642 non
1057 2585 1130 2642 iusta
1151 2593 1210 2654 cst,
1242 2581 1393 2640 obscurato

281 2667 330 2725 illa
351 2665 418 2726 sede
440 2685 475 2725 eo
496 2667 600 2738 verho,
625 2669 704 2726 cuins
726 2669 871 2746 potissima
893 2668 939 2724 hic
955 2669 1077 2746 visesse
1094 2665 1188 2724 dehet.
1232 2663 1276 2722 Ea
1293 2684 1394 2722 caussa

280 2751 402 2828 praetuli
424 2745 503 2833 εὕρῃ.
546 2749 694 2821 Similiter,
720 2749 767 2808 uhi
784 2751 837 2808 hoe
854 2748 970 2808 verbum
987 2751 1161 2808 communius
1177 2759 1250 2819 erat,
1273 2769 1301 2806 v.
1319 2747 1390 2808 121.

280 2833 334 2890 luit
362 2830 392 2889 id
421 2851 472 2910 pro
502 2832 685 2909 exquisitiore
706 2837 800 2910 τεμεῖν
821 2833 967 2910 seriptum.
1022 2833 1195 2891 Scholiastes
1217 2831 1246 2888 ia
1268 2830 1393 2910 explica-

280 2915 356 2972 tione
378 2913 527 2992 attremat.

363 3009 435 3074 147.
478 3009 661 3090 Masgravius
688 3023 718 3070 et
746 3012 908 3072 Brunekius
936 3023 1002 3072 ante
1023 3014 1098 3073 hunc
1120 3033 1231 3073 versum
1253 3011 1393 3071 excidisse

280 3095 415 3154 nonnulla
441 3095 577 3174 putahant
606 3115 677 3174 quae
707 3097 811 3156 chorus
840 3097 1019 3176 loqueretur,
1052 3098 1183 3177 quoniam
1212 3117 1240 3156 v.
1266 3095 1337 3158 154.
1362 3115 1392 3154 se

205 3197 210 3206 ·
280 3177 453 3257 respondere
476 3177 585 3238 diceret
608 3179 776 3238 Hermiona.
831 3179 1063 3258 Conlirmareque
1086 3179 1115 3238 id
1138 3178 1285 3238 videbatur
1310 3177 1393 3237 Mus-

279 3262 378 3340 gravio
405 3262 583 3342 Hesychius,
616 3263 664 3340 qui
693 3257 861 3344 ἂγρεύμοτοτ
876 3283 913 3322 ex
932 3261 1135 3322 Andromacha
1156 3263 1285 3332 afferret,
1317 3261 1394 3340 quod

279 3345 447 3404 vocahulum
475 3367 531 3405 non
559 3346 701 3404 invenitur
722 3347 751 3404 in
773 3347 826 3405 hac
848 3346 1006 3425 tragoedia.
1050 3345 1092 3405 At
1112 3365 1147 3405 ea
1168 3346 1242 3403 mala
1263 3356 1307 3404 est
1328 3363 1393 3403 cor-

279 3427 370 3486 rectio
390 3428 520 3499 Musuri,
549 3448 632 3508 quam
654 3427 774 3488 adscivit
794 3429 963 3488 Favorinus.
1016 3428 1049 3486 In
1071 3427 1170 3488 codice
1192 3438 1235 3486 est
1251 3422 1394 3507 'Avdpope

279 3507 391 3569 adiecto
414 3510 598 3591 compendio,
630 3531 685 3590 quo
708 3505 747 3584 οὕς
767 3511 959 3591 significatur,
991 3513 1116 3570 sirecte
1139 3512 1209 3589 legit
1230 3510 1389 3569 Schowius.

279 3592 418 3672 Apertum
441 3606 485 3652 est
506 3595 676 3653 nominatam
699 3613 762 3654 csse
782 3594 1006 3655 Andromedam.
1056 3593 1223 3672 Hartungus
1246 3595 1273 3650 in
1297 3591 1393 3671 dispuss

280 3677 386 3734 tatione
408 3675 443 3736 de
465 3678 682 3756 interpolatione
697 3676 843 3758 Euripidis
859 3678 1017 3738 fabularum
1035 3676 1168 3736 adiuncta
1181 3675 1299 3735 editioni
1315 3676 1393 3754 lphi-

278 3760 380 3838 geniae
409 3761 438 3818 in
467 3758 572 3820 Aulide
601 3781 629 3840 p.
648 3761 699 3824 46.
732 3781 767 3820 eo
788 3773 954 3840 argumento
977 3763 1081 3832 utitur,
1113 3758 1189 3838 quod
1210 3757 1285 3818 haud
1307 3759 1392 3817 facile

279 3843 337 3902 ulla
358 3862 479 3922 persona
501 3845 530 3902 in
552 3863 665 3903 scenam
687 3843 823 3925 prodeat,
854 3847 921 3923 quin
943 3846 1004 3904 cius
1026 3843 1162 3902 adventus
1183 3843 1277 3902 verbis
1299 3841 1334 3900 ah
1358 3843 1392 3900 iis

279 3927 327 4006 qui
347 3926 443 3986 adsint
462 3927 648 4007 significetur.
692 3924 864 4006 Plerumque
886 3929 940 3986 hoc
963 3929 1009 3998 lit,
1043 3947 1098 3985 nou
1122 3945 1243 4005 semper.
1289 3924 1391 3983 Statim

279 4011 408 4090 exemplo
430 4022 474 4070 est
490 4009 617 4070 Menelai
639 4009 775 4070 adventus
796 4032 824 4069 v.
843 4011 916 4073 306.
960 4009 1101 4070 Matthiae
1119 4010 1303 4068 Hermionam
1320 4009 1392 4066 haec

279 4089 375 4152 dicere
404 4095 521 4174 putabat
549 4095 652 4152 nutrici
682 4093 848 4172 ancillisque
875 4095 950 4152 intus
976 4093 1202 4165 remanentibus,
1235 4111 1307 4171 quae
1329 4109 1392 4149 eam

279 4174 424 4236 deterrere
455 4174 572 4237 conatae
595 4187 746 4235 essentne
768 4175 996 4235 Andromacham
1019 4187 1076 4234 tam
1098 4175 1220 4254 superbe
1242 4185 1389 4245 tractaret,
1411 4169 1418 4190 ⁸

279 4259 331 4316 hac
360 4262 482 4320 maxime
512 4262 621 4319 ratione
651 4278 735 4330 usae,
768 4257 842 4338 quod
869 4261 1024 4338 periculum
1055 4269 1188 4318 essetne
1211 4259 1340 4316 maritum
1363 4268 1393 4314 et
1496 4317 1497 4324 γ

278 4338 395 4399 Peleum
417 4342 583 4401 offenderet.
632 4341 802 4400 Huiusmodi
831 4341 952 4401 artificia
973 4341 1104 4401 hodierni
1126 4353 1226 4419 poetae
1248 4347 1388 4409 amarunt,

278 4441 334 4479 non
356 4425 479 4502 antiqui,
511 4427 560 4504 qui
581 4443 653 4504 quae
675 4425 704 4482 in
726 4443 812 4484 scena
832 4436 986 4503 egerentur
1008 4429 1137 4502 integra,
1166 4443 1221 4481 non
1245 4417 1391 4478 dimidiata

278 4502 459 4582 producenda
480 4526 543 4566 esse
566 4506 772 4583 intelligebant.
817 4506 969 4586 Lentingio
992 4511 1051 4568 visa
1068 4518 1112 4565 cst
1127 4504 1284 4564 Hermiona
1299 4501 1390 4560 famu-
