2974 5138
803 321 853 393 32

273 503 325 583 ιλς
348 497 509 599 ξόμβολ’
535 497 708 588 ἐλθόνθ’,
735 501 761 574 dl
786 500 916 600 φανέρ’
944 498 993 578 ἂν
1012 497 1142 599 μόνοις
1164 501 1214 580 tto
1238 502 1296 599 ἦν.

204 631 346 701 οοονόν
370 624 410 699 d'
435 627 521 701 οὔτε
544 626 651 702 τοῦτ’
675 625 766 712 ἔστ’,
793 625 879 703 οὔτε
904 627 957 722 μή
983 627 1093 723 σωθῇ
1118 629 1217 708 ποτέ.

272 748 310 825 τί
334 749 418 845 θῆτ’
445 752 497 826 ἔτι
523 748 596 840 ζῶ,·
621 748 699 826 τίν’
724 748 967 847 ὑπολείπομαι
990 746 1125 847 τύχην,

271 871 417 978 γάμους
442 874 594 973 ἑλομένη
614 881 694 953 τῶν
718 881 848 950 κακῶν
873 870 1101 977 ὑπαλλαγάς,

271 1001 355 1098 μετ’
382 997 522 1101 ἀνδρὸς
548 1003 664 1075 ολκιῖν
687 995 909 1099 βαρβάρου,
936 997 1028 1098 πρὸς
1050 996 1233 1078 πλουσίαν

271 1120 460 1224 τράπεζαν
483 1121 621 1214 λζουσζ·
647 1123 730 1199 ἀλλ’
758 1124 851 1201 ὅταν
876 1120 983 1208 πόσις
1007 1123 1139 1223 πικρός

203 1270 265 1330 aot
275 1254 367 1346 ξυνῇ
390 1245 561 1352 γυναικί,
587 1247 719 1325 καὶτὸ
745 1256 824 1330 σῶν
849 1247 950 1326 ἐστὶν
975 1246 1122 1350 πικρόν.

273 1377 411 1450 θανεῖν
434 1369 654 1474 κράτιστον·
680 1380 759 1459 πῶς
782 1370 943 1473 θάνοιμ’
971 1373 1021 1453 do
1046 1371 1116 1452 οὖν
1141 1380 1281 1462 καλῶς,·

273 1495 482 1596 ἀσχήμονες
503 1495 575 1597 μὲν
598 1495 758 1602 ἀγχόναι
779 1496 984 1600 μετάρσιοι,

274 1625 348 1701 κάν
366 1631 469 1708 ,τοῖσι
494 1618 642 1707 δούλοις
665 1622 866 1730 όυςπριπὲς
887 1622 1095 1722 νομίζεται·

274 1749 420 1852 σφαγαὶ
444 1748 483 1825 d'
511 1751 658 1844 ἔχουσιν
682 1749 827 1852 εὐγενές
844 1778 881 1824 τι
903 1749 967 1824 καὶ
991 1749 1118 1836 καλόν,

205 1873 436 1975 οιοσμικρόν
460 1870 499 1948 d‘
525 1871 544 1948 ό
571 1871 700 1972 καιρὸς
726 1870 837 1974 σάρκ’
864 1869 1071 1959 ἀπαλλάξαι
1095 1870 1196 1972 βίου.

275 2035 569 2054 W

275 2153 336 2194 ram
355 2151 420 2191 esse
437 2131 578 2191 Helenam
600 2128 773 2204 eredebant,
802 2128 854 2190 sed
873 2149 938 2192 esse
960 2131 1043 2190 aliam
1063 2132 1230 2203 mulierem,
1255 2146 1328 2208 quae
1348 2125 1384 2185 oli

276 2217 390 2277 formae
404 2213 612 2274 similitudinem
631 2215 761 2275 Helenae
782 2233 884 2274 nomen
910 2216 1079 2286 mentiatur,
1109 2213 1294 2274 existimaturi
1314 2211 1382 2269 sint.

276 2299 454 2360 Sententiam
477 2297 616 2358 intellexit
634 2297 793 2370 Heatluius,
821 2299 870 2376 qui
891 2297 1071 2358 scribendum
1092 2299 1217 2357 coniecit
1240 2290 1384 2356 Μενέλεώ
1480 2325 1481 2338 ¹

275 2381 303 2467 γ’
324 2383 426 2444 ἐλθεῖν
445 2378 535 2460 μέσα,
563 2403 618 2443 non
638 2382 727 2453 male,
756 2379 831 2460 quod
856 2392 950 2442 esset:
980 2384 1064 2443 ΐοισιν
1088 2384 1128 2441 od
1145 2383 1228 2443 lb‘um
1247 2381 1384 2442 Helenam

275 2471 375 2528 sallem
396 2484 458 2526 cum
480 2467 611 2527 Menelao
633 2475 792 2525 venturam.
837 2461 897 2524 Sed
912 2465 986 2524 nulla
1006 2466 1184 2530 correctione
1199 2483 1281 2544 opus,
1304 2460 1385 2521 sisic

276 2551 514 2628 interpretamur:
534 2559 687 2630 potantes,
708 2551 738 2608 si
752 2549 804 2608 atta
823 2550 864 2608 od
886 2550 970 2610 Iliona
987 2550 1096 2610 Heleno
1113 2567 1219 2620 essem,
1243 2567 1306 2608 curn
1321 2549 1384 2606 Μι-

274 2637 358 2696 nelao
379 2632 530 2712 mosollaco
547 2643 706 2692 υιιιιαναοι.

343 2729 400 2791 tV.
421 2737 495 2792 299.
538 2730 638 2790 Liltrit
663 2731 707 2802 είς
729 2725 852 2810 ξόρβυλ’
866 2726 1009 2804 ἐλθόντες
1016 2776 1025 2806 ,
1046 2727 1069 2792 dl
1088 2725 1204 2810 φανερά
1226 2724 1332 2810 μόνοις
1346 2725 1386 2791 όν

274 2805 325 2896 ἦν.
363 2813 510 2873 Porsonus
523 2813 560 2872 ad
576 2812 674 2872 Orest.
691 2817 743 2875 51.
764 2812 807 2885 είς
828 2807 951 2892 ξόμβολ’
968 2811 1104 2890 ἐλθόνθ’,
1126 2811 1146 2878 dl
1163 2809 1266 2894 φανέρ’
1279 2811 1317 2875 dn
1331 2810 1385 2891 μό-

275 2920 340 2970 νοις
359 2893 399 2959 όν
419 2887 469 2973 ἦν.
512 2893 677 2956 Seidlerns=
700 2891 838 2968 ἐλθόνθ’,
853 2893 898 2957 ‘dv
915 2893 1031 2975 φανεροί
1048 2895 1154 2975 μόνοις
1178 2895 1219 2960 όν
1234 2890 1284 2978 ἦν.
1321 2896 1386 2957 Νυ·

275 2981 373 3051 meris,
399 2998 469 3058 qnos
489 2980 579 3057 magis
596 2979 680 3038 etiam
705 2977 870 3060 depravavit
886 2980 1033 3059 Reisigius
1050 2983 1078 3040 in
1097 2980 1227 3042 Coniect.
1244 3003 1273 3061 p.
1293 2985 1384 3056 245„

275 3075 396 3142 utroque
418 3060 501 3120 modo
516 3062 691 3135 consulitur3
713 3083 749 3122 an
767 3063 1022 3136 inconsonantiae,
1045 3063 1167 3126 dubitari
1183 3075 1289 3144 potest,
1312 3084 1384 3144 quae

275 3146 429 3226 simplicius
446 3146 597 3206 enunciata
609 3156 699 3216 esset,
714 3147 738 3204 si
754 3146 915 3224 legeretur=
936 3147 979 3220 εἰς
993 3143 1116 3227 ξόμβολ’
1128 3145 1249 3211 ίλθοῦά
1267 3141 1313 3222 οἷς
1327 3171 1385 3226 φα·

274 3228 348 3310 νερά
376 3225 482 3309 μόνοις
504 3226 544 3291 tto
569 3221 618 3306 ἦν.
672 3228 800 3289 Praetuli
821 3240 914 3289 tamen
937 3242 969 3290 ut
986 3232 1160 3310 aptissimum
1181 3229 1216 3291 ad
1239 3249 1382 3300 numeros,

275 3313 350 3395 quod
366 3312 512 3372 Porsonus
532 3313 668 3385 coniecit,
691 3313 720 3373 in
740 3331 795 3392 quo
808 3311 909 3373 eadem
922 3326 967 3374 est
980 3315 1135 3396 participii,
1158 3333 1230 3395 quae
1250 3316 1279 3374 in
1300 3333 1384 3395 prae-

275 3397 396 3458 cedento
422 3395 563 3468 disticho,
594 3398 679 3456 ratio.
739 3395 814 3456 Nam
839 3392 1076 3480 α’νεγνοίσθημεν
1100 3397 1137 3460 de
1158 3400 1218 3458 sola
1234 3397 1385 3460 Helenae

274 3479 423 3560 Spartanis
443 3477 625 3556 agnoscenda
645 3479 761 3540 dictum.

357 3577 399 3638 V.
425 3585 498 3639 301.
541 3576 744 3656 Mnsgravius,
766 3596 849 3657 quem
869 3557 1005 3658 deinceps
1028 3579 1139 3662 sequuti
1159 3589 1224 3640 sunt
1245 3577 1383 3654 editores,

275 3665 356 3744 signo
376 3659 570 3739 interrogandi
586 3670 650 3741 post
666 3660 760 3741 τύχην
776 3660 914 3720 distinxit.

357 3760 401 3822 V.
425 3768 498 3823 302.
546 3759 645 3822 Libri:
675 3758 857 3843 όπαλλαγάς.
906 3761 975 3822 Non
1006 3775 1110 3825 mutem
1141 3765 1171 3824 in
1201 3759 1385 3844 όπαλλαράς,

275 3845 350 3928 quod
364 3843 433 3905 lecit
444 3844 596 3918 Matthiae,
618 3865 681 3906 cum
694 3865 786 3925 eoque
800 3846 859 3906 alii.
903 3843 1059 3925 Aptissima
1078 3848 1152 3908 enim
1163 3847 1210 3907 tte
1225 3867 1286 3907 cum
1302 3867 1385 3906 acer-

275 3933 362 3992 bitate
379 3929 624 4028 commutationem
642 3930 789 4003 malorum,
812 3949 869 3988 non
887 3927 1084 3991 liberationem
1101 3943 1185 3991 vocat
1201 3929 1314 3990 barbari
1329 3931 1384 3989 viri

275 4013 489 4160 conmlludntld.
533 4093 631 4154 Libri:
652 4088 751 4156 καὶτὸ
767 4090 843 4176 σῶμ’
859 4091 920 4158 ἐστὶ
937 4090 1057 4177 πικρόν.
1093 4095 1233 4157 Matthiae
1250 4096 1381 4176 scripsit:

274 4177 326 4239 καλ
345 4175 378 4240 τό
401 4178 551 4255 σώζεσθαι
572 4174 700 4254 πικρόν,
726 4176 801 4257 quod
819 4187 992 4258 receperunt
1014 4179 1073 4238 alii.
1126 4179 1258 4260 Scaliger
1275 4178 1327 4244 nol
1347 4174 1381 4240 τό

276 4258 350 4341 doip’
366 4259 446 4324 ἐστίν
467 4259 587 4341 πικρόν.
629 4262 777 4323 Seidlerus
794 4257 828 4324 τό
852 4269 923 4325 σῶν.

359 4360 399 4423 V·
418 4347 490 4424 306.
525 4363 623 4428 Libris
646 4359 884 4446 προθόνοιμόἲν
899 4353 1075 4439 οὖνναλοίς.
1114 4364 1147 4424 ln
1162 4363 1231 4424 Par.
1244 4363 1282 4422 E.
1299 4383 1384 4445 supra
1480 4399 1481 4422 ÷

276 4444 410 4523 seriptum
429 4448 535 4519 κακῶς.
577 4446 748 4506 Emendavit
766 4447 938 4527 Stephanus.
1480 4441 1481 4464 ¹

306 4575 308 4578 ·
358 4542 400 4623 V,
423 4552 494 4605 310.
545 4543 643 4606 Libri:
673 4541 801 4626 σμικρόν
821 4543 847 4610 δ’
870 4543 888 4610 ό
911 4540 1017 4627 καιρός
1034 4543 1099 4629 ὅρι’
1114 4541 1284 4622 άπαλλόξαι
1301 4544 1383 4626 βίον,
