3026 5134
815 369 862 437 '4

254 571 259 580 ’
292 604 360 651 αν.
393 572 427 645 οἱ
460 568 501 644 δέ
526 569 683 668 Ἀργεῖοι
715 573 759 659 τῇ
786 561 886 659 μάχη
911 558 1132 658 ἡττηθέντες
1157 557 1409 656 ἀνεχώρησαν.

291 691 421 788 Κρέων
447 687 488 762 δέ
514 685 699 781 δυςχερώς
724 681 862 780 φέρων,
888 677 976 761 τοὺς
999 675 1070 774 μὲν
1086 675 1159 750 ὑπὸ
1176 683 1221 770 τῇ
1239 671 1412 770 Καδμείᾳ

289 817 368 894 τῶν
400 801 586 901 πολεμίων
619 796 799 882 πεσόντας
833 798 901 871 οὐκ
926 794 1073 869 ἐδωκεν
1090 799 1140 876 ελς
1164 788 1303 890 ταφήν,
1332 795 1412 864 Πο-

290 923 461 1019 λυνείκην
487 919 528 994 δὲ
555 915 760 1014 ἀκήδευτον
790 917 948 1012 ἐῤῥιφεν,
980 909 1162 989 Οἰδίπουν
1188 908 1229 984 δὲ
1256 903 1412 1010 φυγάδα

289 1051 354 1139 τῆς
380 1037 558 1136 πατρίδος
582 1036 809 1132 ἀπέπεμψεν,
836 1032 889 1131 ἐφ’
921 1025 976 1107 ὧν
1001 1027 1071 1125 μέν
1098 1029 1143 1103 οὐ
1159 1022 1328 1127 φυλάξας
1347 1023 1412 1098 τὸν

280 1154 539 1256 Ιἀνθρώπινον
570 1149 702 1248 νόμον,
735 1151 788 1247 ἐφ’
821 1144 875 1226 ὧν
901 1146 942 1224 δέ
968 1146 1037 1244 τήν
1063 1145 1179 1249 ὀργὴν
1215 1137 1410 1247 λογοποιή-

270 1265 373 1364 Ισας,
400 1271 486 1348 οὐδὲ
512 1269 613 1368 παρά
640 1269 708 1366 τήν
734 1264 942 1362 δυστυχίαν
968 1261 1125 1361 ἐλεήσας.

705 1483 1010 1560 ΑΛΛΩΣ

360 1669 364 1673 ’
396 1659 628 1754 Περιπαθεῖς
668 1653 767 1753 ἀγαν
801 1652 840 1724 αἱ
880 1649 1082 1726 Φοίνισσαι
1122 1657 1166 1744 τῇ
1200 1648 1413 1750 τραγῳδίᾳ·

296 1773 460 1850 ἀπώλετο
492 1771 566 1875 γάρ
603 1770 622 1843 ὃ
649 1761 831 1867 Κρέοντος
856 1768 936 1852 υἱὸς
962 1766 1035 1842 ἀπὸ
1060 1773 1128 1839 τοῦ
1154 1764 1297 1862 τείχους
1322 1765 1414 1863 ὑπὲρ
1487 1809 1488 1842 ι

291 1901 355 1988 τής
380 1888 518 1971 πόλεως
544 1881 787 1966 ἀποθανών·Ι
810 1884 1006 1984 ἀπέθανον
1032 1881 1072 1957 δέ
1090 1882 1153 1958 καὶ
1168 1885 1202 1956 οἱ
1220 1879 1289 1959 δύο
1307 1883 1415 1958 ἀδελ-
1487 1927 1488 1954 ι

295 2009 360 2108 φοί
393 2008 451 2081 ὑπ’
491 2001 668 2100 ἀλλήλων·
704 2002 767 2077 καὶ
784 1997 952 2098 Ἰοκάστη
977 2001 999 2097 ή
1026 1997 1146 2098 μήτηρ
1174 2001 1302 2077 αὐτῶν
1329 2003 1416 2076 ἐαυ-
1487 1989 1488 2062 j

294 2126 364 2222 τὴν
397 2126 540 2198 ἀνεῖλεν
573 2120 633 2195 ἐπὶ
658 2125 735 2203 τοῖς
760 2118 885 2194 παισί·
912 2118 976 2195 καὶ
1002 2119 1036 2191 οἱ
1062 2116 1122 2191 ἐπὶ
1150 2115 1275 2216 Θήβας
1301 2144 1416 2218 στρα-

294 2239 486 2338 τευόμενοι
512 2239 669 2342 Ἀργεῖοι
695 2234 902 2326 ἀπώλοντο,
928 2235 991 2312 καὶ
1017 2236 1160 2334 ἀταφος
1186 2237 1416 2334 Πολυνείκης

295 2355 501 2460 πρόκειται·
539 2356 648 2432 καὶὸ
677 2354 855 2439 Οἰδίπους
880 2362 945 2451 τῆς
976 2351 1154 2451 πατρίδος
1187 2351 1414 2452 ἐκβάλλεται,

294 2477 358 2552 καί
385 2476 456 2552 σὺν
483 2475 585 2572 αὐτῷ
610 2474 633 2570 ἡ
660 2470 834 2577 θυγάτηρ
845 2466 1049 2574 Ἀντιγόνη.
1075 2473 1152 2545 ἐστι
1174 2471 1214 2548 δέ
1229 2471 1271 2547 τὸ
1285 2473 1414 2572 δρᾶμα
1434 2527 1436 2532 -

294 2594 357 2669 καί
390 2589 679 2690 πολυπρόςωπον
713 2591 776 2667 καὶ
807 2588 972 2694 γνωμῶν
1004 2597 1152 2665 πολλῶν
1182 2589 1322 2686 μεστὸν
1355 2589 1416 2666 καὶ

297 2717 433 2786 καλῶν.
468 2709 488 2784 ὃ
518 2710 629 2808 χορὸς
661 2713 701 2783 ἐκ
734 2715 952 2807 Φοινισσῶν
983 2707 1199 2806 παρθένων,
1234 2707 1416 2784 ὅθεν-καί

297 2828 340 2901 τὸ
365 2825 495 2924 δρᾶμα
521 2823 716 2922 ἐπεκλήθη,
742 2834 820 2899 τῶν
845 2827 884 2898 ἐκ
909 2831 973 2918 τῆς
1000 2821 1254 2924 Παλαιτόρου.

603 3137 608 3147 ‚
703 3042 1008 3118 ΑΛΛΩΣ

349 3204 351 3208 ’
388 3213 489 3286 Ἔστι
514 3209 585 3306 μίν
609 3216 690 3293 ταῖς
717 3216 905 3306 σκηνικαῖς
931 3213 1039 3310 ὄφεσι
1063 3212 1179 3289 καλὸν
1210 3213 1254 3288 τὸ
1273 3215 1412 3313 δρᾶμα·

297 3330 317 3369 *⁸
342 3329 362 3369 δ’
389 3329 409 3369 **
448 3326 524 3401 ἐπεὶ
559 3328 623 3402 καὶ
655 3327 1055 3428 παραπληρώματικόν.
1102 3329 1126 3427 ή
1159 3360 1198 3406 τε
1231 3334 1304 3412 ἀπὸ
1337 3345 1413 3412 τῶν

296 3443 446 3539 τειχέων
463 3441 657 3545 Ἀντιγόνη
683 3447 884 3544 θεωροῦσα
910 3447 1019 3544 μέρος
1045 3447 1114 3524 οὐκ
1139 3450 1215 3524 ἐστι
1233 3461 1302 3528 τοῦ
1321 3450 1413 3551 δρά-

296 3587 427 3656 ματος,
452 3559 515 3634 καὶ
539 3557 776 3646 ὑπόσπονδος
791 3564 1020 3660 Πολυνείκης
1047 3565 1199 3652 οὐδενὸς
1220 3572 1327 3646 ἕνεκα
1343 3599 1413 3646 πα-

297 3675 499 3779 ραγίνεται,
525 3676 545 3751 ό
571 3707 610 3752 τε
635 3680 695 3754 ἐπὶ
719 3689 810 3756 πᾶσι
841 3682 914 3774 μετ’
945 3683 1044 3780 ᾠδῆς
1058 3684 1261 3782 ἀδολέσχου
1287 3717 1412 3789 φυγα-

225 3819 226 3826 ’
296 3791 495 3892 δευόμενος
517 3795 695 3881 Οἰδίπους
721 3800 973 3898 προςέρριπται
998 3801 1062 3876 διά
1085 3813 1206 3881 κενοῦ.

702 4033 1007 4111 ΑΛΛΩΣ.

392 4193 662 4294 Ἅρπασθείσης
687 4195 869 4296 Εὐρώπης
893 4201 966 4277 ἀπὸ
991 4203 1080 4290 Διὸς
1099 4211 1302 4310 γενομένου
1321 4204 1410 4286 ταύ-

295 4334 377 4405 ρου,
402 4311 466 4386 καὶ
490 4315 824 4416 μετακομισθείσης
849 4319 921 4395 ἀπὸ
948 4323 1126 4422 Φοινίκης
1146 4325 1210 4402 διά
1225 4325 1410 4422 θαλάττης

295 4429 345 4518 ελς
372 4425 532 4525 Κρήτην,
567 4430 587 4504 ὅ
613 4429 684 4530 μὲν
709 4433 829 4534 πατὴρ
857 4438 969 4536 αὐτῆς
988 4438 1155 4544 Ἀγήνωρ
1180 4447 1320 4545 έπεμψε
1344 4443 1409 4518 τὸν

294 4541 380 4615 υἱέν
410 4540 569 4640 Κάδμον
602 4547 661 4622 ἐπὶ
693 4547 843 4650 ζήτησιν
874 4564 938 4652 τῆς
968 4555 1098 4657 κόρης,
1129 4559 1265 4652 εἰπών,
1297 4565 1329 4635 ελ
1358 4557 1408 4656 μὴ
