3028 5136
700 317 745 392 31

169 506 317 579 πολλῶν
341 505 486 600 νεκρῶν
510 504 647 574 πιοῦσα
673 495 858 597 δορυπετῆ
882 495 1014 599 φόνον,
1057 577 1060 584 ,

167 623 326 723 ἀλόχους
349 626 388 701 τ’
413 618 624 724 ἀνάνδρους
648 630 767 724 γραῦς
790 623 827 700 τ’
853 622 1017 710 ἄπαιδας
1041 625 1175 704 ὤλεσεν

166 746 317 835 πολιούς
340 778 380 825 τε
405 748 575 847 πατέρας.
627 753 659 824 εί
682 745 724 823 δι’·
749 747 837 833 τοῦς
860 749 1115 848 λελειμμένους

166 873 215 951 οδ
237 870 490 973 συμπυραίσας
514 871 616 950 δαῖτ’
642 867 844 958 ἀναλώσας
866 871 1017 974 πικρόν,
1278 874 1341 941 31⁰

165 1005 232 1076 ποῖ
253 1000 427 1100 τρόψεταί
450 1025 506 1082 τις
513 1027 527 1087 ,·
558 996 640 1072 ἀλλ’
667 997 749 1095 ἐμοὶ
774 1001 908 1088 πιθοῦ,
932 997 1113 1098 Κύκλωψ,

164 1121 276 1224 πάρες
299 1124 342 1200 τὸ
366 1119 516 1227 μάργον
541 1129 607 1218 σῆς
630 1119 801 1228 γνάθου,
826 1124 869 1202 τὸ
896 1123 936 1202 δ’
959 1125 1110 1228 ἐὐσεβὲς

162 1256 227 1346 τῆς
251 1248 464 1348 δυςσεβείας
488 1249 668 1326 ἀνδελοῦ·
696 1255 861 1328 πολλοῖσι
884 1249 959 1355 γὰρ

160 1374 273 1476 κίρδη
296 1373 440 1474 πονηροὶ
466 1371 602 1473 ζημίαν
623 1372 816 1474 ἠμείψατο.

543 1573 881 1651 ΣΕΙΛΗΝΟΣ.

159 1724 378 1822 παραινέσαι
404 1749 460 1800 σοι
483 1718 688 1820 βούλομαι·
719 1732 798 1802 τιῦν
820 1723 892 1824 μὲν
915 1733 1037 1826 κρεῶν
1270 1726 1332 1790 31⁵

156 1847 275 1947 μηδὲν
298 1849 403 1947 λίπῃς
424 1848 554 1926 τοῦδ’·
589 1849 637 1946 ἢν
662 1847 703 1926 δὲ
729 1849 799 1948 τὴν
823 1857 999 1954 γλῶσσαν
1024 1844 1152 1946 δάκῃς,

158 1972 303 2076 κομψὸς
326 1970 469 2078 γενήσει
493 1965 558 2078 καὶ
582 1973 816 2064 λαλίστατος,
841 1971 1020 2076 Κύκλωψ.

571 2173 842 2251 ΚΥΚΛΩΨ.

154 2323 175 2399 ὃ
202 2331 374 2412 πλοῦτος,
403 2324 661 2424 ἀνθρωπίσκε,
687 2331 766 2410 τοῖς
790 2329 920 2424 σοψοῒς
941 2321 1050 2411 θεός·

153 2447 202 2522 ad
225 2448 264 2524 δ’
292 2450 383 2525 ἄλλα
409 2451 547 2547 κόμποι
571 2450 636 2526 καὶ
659 2447 782 2555 λόγων
806 2447 1015 2550 εῦμσρψίαι.

153 2574 270 2672 ἄκρας
294 2573 333 2650 d’
360 2574 526 2665 ἐναλίας,
554 2577 599 2661 ἃς
622 2573 718 2652 σερίδ’
742 2575 892 2675 ἵδρυται
917 2571 1050 2675 πατήρ,
1263 2583 1326 2648 320

89 2751 91 2754 -
146 2697 293 2798 χαίρειν
316 2696 471 2775 κελεύοι·
506 2699 545 2778 τί
566 2699 657 2778 τοίδε
681 2697 902 2802 προῦστήσω
927 2697 1046 2804 λόγως

150 2822 272 2919 Ζηνὸς
300 2823 338 2899 δ’
366 2823 438 2927 ἐγώ
461 2825 647 2924 κεραυνὸν
672 2827 718 2903 οῦ
742 2825 888 2928 φρίσσω
894 2880 906 2916 ,
934 2826 1022 2915 ξένε,

149 2948 236 3025 οὐδ’
261 2948 337 3026 οἷδ’
365 2949 422 3025 ότι
448 2948 542 3035 Ζεύς
567 2952 645 3028 ἐστ’
672 2955 765 3050 ε’μοῦ
788 2938 971 3051 κρείσσων
996 2944 1096 3035 θεός.

228 3279 301 3342 307.
344 3279 391 3338 Ex
412 3278 518 3339 Aldina
539 3277 720 3358 Musgravius
745 3279 869 3339 restitnit
890 3283 1014 3355 πιοῦσα,
1035 3280 1110 3360 quod
1133 3285 1161 3344 in
1186 3303 1250 3344 eae·

147 3363 216 3422 teris
237 3364 266 3421 in
286 3367 413 3424 ποιοῦσα
434 3362 614 3443 depravatum
636 3364 739 3422 iuerat.
790 3413 791 3418 ,

206 3463 300 3527 ..315
344 3463 424 3522 Flor.
449 3465 478 3526 1.
500 3464 531 3525 2.
557 3463 639 3523 vict.-
661 3467 720 3524 τῶν
740 3457 798 3546 γδρ
819 3463 946 3583 κρεῶν.

228 3562 300 3624 316.
344 3562 476 3642 Lenting'
450 3583 496 3622 vno
517 3562 553 3623 ad
570 3560 702 3624 Medeam
724 3585 753 3643 p
772 3557 861 3626 tt·
841 3586 880 3642 ην
894 3555 971 3624 δὲ
941 3585 995 3642 την
1013 3566 1144 3667 γλῶσσαν
1158 3559 1250 3671 δίκης

144 3642 231 3702 scribi
248 3643 423 3704 iubentia
371 3665 423 3726 arg
424 3659 470 3707 ute
485 3645 637 3726 respondet
652 3645 804 3720 Matthiae,
828 3647 902 3706 inter
917 3650 1048 3728 γλῶσσαν
1063 3659 1091 3706 et
1107 3642 1141 3708 τὰ
1161 3627 1249 3711 λοιπά

143 3731 202 3788 τῶν
222 3731 315 3808 κρεῶν
336 3731 439 3790 nullam
462 3751 524 3791 esse
546 3731 760 3810 oppositionem.
812 3721 931 3790 Rectius
952 3729 1080 3801 dixisset,
1104 3750 1160 3789 nnn
1178 3752 1248 3809 opus

144 3829 207 3868 esse
224 3811 277 3869 ista
292 3815 478 3891 oppositione.
517 3813 571 3874 Est
587 3815 660 3873 enim
678 3815 828 3892 oppositio,
852 3825 881 3873 et
901 3815 974 3871 iusta
994 3811 1116 3890 quidem,
1141 3813 1165 3870 si
1184 3815 1247 3892 quis

144 3891 248 3950 nuliam
276 3894 385 3971 quidem
414 3899 540 3957 earnium
566 3907 672 3976 partem
695 3895 905 3974 relinquendam
934 3893 1019 3964 dicit,
1051 3893 1101 3953 sed
1123 3894 1245 3972 linguam

144 3973 169 4031 si
191 3974 255 4052 quis'
274 3995 328 4034 nen
350 3981 508 4060 relinquet,
529 3982 612 4040 etiam
632 3980 812 4057 praecipuum
835 3976 901 4056 quid
922 3977 994 4034 lueri
1011 3937 1180 4035 1οοιιιιιιιιι.

225 4073 297 4135 317.
341 4075 519 4155 Hesychius:
544 4072 700 4147 ἀλίστατος.
737 4070 910 4152 σοφώτατος.
954 4071 1038 4148 Quod
1060 4071 1095 4132 ad
1113 4075 1191 4134 hune
1204 4076 1246 4136 lo-

143 4175 206 4215 cum
228 4157 370 4235 pertinere
391 4161 499 4218 monuit
519 4159 736 4218 Ruhnkenius'
728 4178 756 4215 nn
778 4156 871 4237 Epist.
896 4158 959 4216 erit.
984 4155 1022 4216 11.
1047 4177 1075 4236 p.
1099 4160 1169 4222 1³5.

224 4254 297 4320 320.
341 4255 402 4334 Le„
385 4253 549 4315 Notatur
531 4280 566 4329 ος
594 4257 778 4338 καθίδρυται.
832 4251 987 4337 Scripsi
968 4279 1004 4330 ας
1024 4251 1100 4318 πόθ’
1122 4255 1245 4340 ιδρυται.

223 4355 295 4420 323.
339 4353 386 4414 Ειι
413 4353 577 4414 Markiandi
604 4356 768 4414 coniectura
793 4353 829 4414 ad
859 4355 959 4436 Suppl.
987 4356 1060 4419 518.
1091 4354 1243 4434 Matthiae,

141 4441 266 4519 sequntis
288 4439 370 4513 aliis,
400 4435 529 4498 edidit*
511 4463 527 4502 ο
547 4462 589 4515 τι,
611 4436 662 4500 sed
684 4439 834 4498 fatetur
807 4460 855 4500 vix
872 4460 942 4520 opus
963 4440 1049 4500 inisse
1071 4452 1102 4502 nt
1122 4455 1245 4505 mutare·

141 4520 226 4580 δι”
209 4547 261 4587 οτι.
