3026 5134
201 697 290 814 Ι290

232 1643 294 1708 295

828 371 879 441 αι

642 534 1061 648 Πυπιαιιιιιιιῑ.

300 734 419 833 πατὴρ
444 729 514 830 μὲν
538 725 629 824 η’μῖν
658 719 836 801 Ολδίπους
862 715 881 791 ὁ
906 711 1045 798 Λαΐου,

299 867 413 940 ἔτικτε
439 856 474 932 δ’
498 847 664 946 Ἰοκάστη
689 875 754 944 με,
781 848 867 925 παῖς
895 833 1120 917 Μενοικέως·

300 992 403 1066 καλεῖ
426 983 467 1060 δὲ
494 974 727 1071 Πολυνείκην
751 1000 798 1069 με
828 969 989 1068 Θηβαῖος
1013 956 1111 1044 λειός.

746 1205 969 1283 ΧΟΡΟΣ.

303 1368 334 1447 ὦ
360 1367 549 1473 ξυγγένεια
573 1363 653 1438 τῶν
669 1356 868 1462 Ἀγήνορος
890 1354 1044 1464 τέκνοιν,

303 1501 406 1597 ἐμῶν
429 1489 649 1593 τυράννων,
676 1481 730 1562 ὧν
756 1478 965 1576 ἀπεστάλην
990 1477 1075 1565 ὕπο,

375 1667 379 1672 -
407 1622 618 1724 γονυπετεῖς
643 1613 752 1712 ἕδρας
777 1595 986 1708 προςπίτνω
1012 1605 1065 1693 α’,

407 1749 520 1834 ἄναξ,
545 1741 612 1817 τὸν
639 1742 790 1814 οἴκοθεν
814 1731 935 1832 νόμον
961 1729 1135 1828 σέβουσα.

407 1875 515 1970 ἔβας,
542 1870 631 1969 ἔβας
658 1865 688 1939 ιδ
711 1859 838 1961 χρόνῳ
862 1868 937 1961 γᾶν
962 1850 1152 1953 πατρῴαν.
1185 1848 1244 1941 tut,

408 1994 559 2084 πότνια,
586 1990 673 2089 μόλε
699 1985 929 2086 πρόδρομος,
957 1982 1172 2078 ἀμπέτασον
1198 1974 1325 2060 πύλας.

408 2119 527 2204 κλύεις
533 2177 546 2210 ,
573 2118 618 2192 tei
644 2123 801 2191 τεκοῦσα
826 2109 944 2186 τόνδε.
961 2117 1091 2208 μᾶτερ,

409 2247 446 2322 τί
470 2247 609 2344 μέλλεις
633 2238 807 2340 ὑπόροφα
836 2237 1009 2335 μέλαθρα

411 2380 547 2472 περᾶν,
572 2372 699 2470 θιγεῖν
723 2368 756 2439 τ’
787 2363 958 2440 ὠλέναισι
982 2361 1113 2436 τέκνου
1119 2391 1132 2448 ,·

716 2569 1013 2644 ΙΟΚΑΣΤΗ.

416 2723 642 2807 Φοίνισσαν,
671 2715 703 2793 ὦ
726 2715 893 2800 νεάνιδες
899 2772 911 2805 ,
937 2713 1037 2815 βοὰν
1062 2714 1134 2787 ἴσαι

309 2960 565 2975 m

401 3109 473 3171 293.
493 3109 556 3170 Alrl.
575 3116 601 3168 et
616 3110 732 3187 plerique
750 3107 824 3166 cerlrl.
845 3093 871 3168 ὦ
893 3099 1056 3185 συγγένεια,
1078 3125 1131 3163 non
1147 3091 1173 3164 ὦ
1187 3099 1347 3184 ξυγγένεια,
1363 3105 1431 3182 quorl

208 3203 217 3215 ’
314 3199 436 3276 praebent
447 3197 519 3254 Flor.
535 3193 585 3254 33.
599 3194 669 3274 Aug.
683 3198 708 3254 b.
730 3193 840 3262 Carmen
852 3193 901 3250 boc
914 3193 1136 3267 corruptissimum
1158 3192 1296 3249 uiolentius
1318 3195 1347 3250 in
1368 3195 1432 3249 anti·

316 3281 447 3359 sircpbica
467 3281 584 3358 redigere
605 3289 714 3337 cenatus
735 3286 777 3334 est
796 3277 929 3335 Seirlleruc
950 3277 982 3333 rle
1002 3294 1071 3332 vers,
1093 3274 1195 3333 decbrn.
1216 3297 1241 3354 p.
1261 3271 1332 3334 253.
1375 3277 1434 3334 Nec

316 3371 382 3423 salic
409 3372 478 3422 recte
504 3384 520 3420 a
547 3384 588 3420 ure
615 3363 777 3419 emendatum
805 3365 893 3419 estin
913 3359 997 3420 Elem.
1020 3359 1100 3418 doctr.
1122 3367 1194 3416 metr.
1217 3380 1242 3436 p.
1265 3357 1336 3418 764.
1359 3365 1435 3418 etin

317 3450 437 3524 Epitcme
457 3469 482 3522 p.
505 3445 577 3505 299.
619 3447 708 3504 Unurn
730 3452 828 3502 tanturn
850 3449 878 3502 in
900 3465 930 3503 ec
953 3453 993 3502 est
1013 3443 1176 3519 stropharum
1197 3463 1254 3520 par.

404 3553 476 3612 290.
497 3555 564 3612 Ven.
585 3557 611 3612 b.
631 3549 802 3629 σεβίζουσα.

405 3660 476 3720 297.
503 3659 565 3718 All.
593 3669 618 3717 et
648 3662 726 3736 pauci
753 3659 827 3718 ccdrl.
855 3663 895 3718 bic
923 3652 970 3719 lbi.
1012 3661 1114 3719 Versus
1142 3666 1300 3738 compositus
1328 3670 1370 3719 εει
1401 3681 1434 3718 ex

319 3749 404 3806 iambo
426 3756 451 3804 et
473 3745 573 3802 duobus
594 3743 730 3801 rlcehmiis.
1092 3747 1097 3756 '

406 3851 478 3912 298.
507 3852 566 3910 Alrl.
594 3861 620 3909 et
649 3853 755 3926 aliquot¹
773 3851 850 3910 codd.
877 3856 906 3908 in·
931 3857 1014 3930 iisque
1041 3853 1115 3912 Flor.
1143 3853 1172 3912 2.
1196 3853 1245 3912 10.
1267 3844 1435 3929 πρόδομος.

321 3939 374 3998 Sed
393 3941 509 4016 plerique
535 3939 593 3994 libri
621 3945 645 3992 et
673 3937 745 3995 Flcr.
774 3933 824 3994 33.
846 3930 1030 4017 πρόδρομος.
1074 3939 1202 3996 Glossac:
1225 3924 1435 4014 ὦσεβασμιά,

320 4017 394 4084 ἐλθὲ
414 4015 476 4096 ἔξω,
493 4020 667 4096 δραμοῦσα,
687 4023 924 4102 προϋπαντῶσα.
965 4021 1083 4080 Alterius
1100 4023 1224 4082 lectionis.
1240 4025 1376 4100 explicatio
1388 4031 1438 4092 ,ert

321 4102 498 4184 ἔμπροσθεν
525 4107 585 4164 τῶν
613 4100 728 4180 δόμων.
769 4105 845 4165 Libri
871 4101 1073 4177 ἀναπίτασον,
1100 4107 1169 4182 qued
1195 4111 1244 4164 iam
1268 4112 1299 4166 ab
1320 4107 1438 4164 Sridlero

323 4200 475 4249 correctum.

408 4297 481 4358 299.
501 4297 600 4374 Scripsi
620 4290 657 4356 ini
678 4317 725 4374 pro
746 4284 782 4358 ὦ.

410 4405 481 4465 300.
509 4406 583 4463 Libri
609 4394 773 4485 ὑπώροφα.
816 4407 914 4482 Scripsi
932 4386 1089 4486 ὖπόροφα,
1124 4427 1200 4483 quam
1222 4409 1331 4466 icrnraur
1351 4414 1440 4464 tuetur

324 4489 411 4547 Orest.
441 4488 510 4548 147.
553 4490 654 4548 Versus
682 4498 723 4547 est
749 4509 782 4546 ex
807 4493 892 4548 iambe
919 4501 946 4547 et
971 4491 1098 4549 rlccbmic.
1142 4492 1268 4550 Libenter
1288 4494 1439 4570 acciperem,

371 4577 430 4647 quis
450 4571 516 4629 liber
534 4575 640 4630 iteraret
659 4569 692 4630 τί
709 4567 837 4648 μέλλεις,
859 4593 908 4648 quc
930 4574 981 4630 (luo
1002 4575 1169 4650 implerentur
1189 4576 1343 4634 rlccbrniaci.
