3028 5136
658 247 706 301 Vll

122 425 189 492 tem
224 417 330 492 tribus
358 416 539 516 tragoediis
571 415 726 490 aclionata
757 424 809 491 est
834 442 901 492 ono
932 421 1046 494 labula
1069 422 1227 520 satyrica,

63 521 78 552 ⁶
120 533 176 627 iu,
202 535 269 607 nisi
290 535 410 629 fallor,
438 536 524 608 bano
549 557 697 607 caussam
720 534 856 630 babuit,
885 537 975 636 quod·
995 548 1112 638 quater
1139 542 1227 614 inter

121 651 215 726 obori
239 654 385 726 carmina
410 644 489 726 olim
514 652 683 751 prodierat
706 652 845 728 histrio:
879 663 935 747 ut,
968 682 1065 754 quum
1092 665 1226 755 recepta

121 777 209 844 osset
240 771 430 873 tragoedia,
464 779 573 844 tamen
601 770 654 848 ius
686 795 781 844 suum
812 783 959 847 maneret
993 775 1125 871 satyris.
1183 774 1224 847 Ιι1

119 896 311 963 constanter
341 888 463 962 laetum
498 913 571 962 esse
600 913 699 986 quum
731 890 858 987 aliquot
890 893 1138 988 tetralogiarum
1164 917 1224 966 su·

117 1013 247 1104 perstes
282 1006 439 1079 memoria
469 1012 628 1096 testatur,
668 1018 736 1079 tum
770 1017 909 1106 apparet
946 1034 990 1082 ex
1023 1009 1075 1082 bis
1110 1009 1221 1080 verbis

118 1123 318 1197 ruobolistau
356 1122 591 1220 Aristophanis
633 1123 674 1198 ad
713 1124 828 1198 Ranas
867 1151 898 1199 r.
934 1126 1044 1199 1122.
1078 1127 1222 1219 (1155.)

116 1238 357 1342 τετραλογίαν
389 1237 541 1336 φέρουσι
569 1237 638 1334 τὴν
665 1239 875 1336 Ὀριστιίαν
912 1241 952 1316 αἱ
985 1240 1223 1317 διδασκαλίαι
1319 1327 1324 1346 l

111 1356 389 1459 Ἀγαμέμνονα,
421 1351 666 1455 Χοηφόροος,
700 1356 927 1454 Εὐμενίδας,
959 1358 1122 1458 Πρωτέα
1155 1385 1222 1433 σα-

115 1469 282 1572 τυρικόν.
328 1471 561 1570 Ἀρίσταρχος
590 1470 654 1546 καὶ
674 1469 914 1556 Ἀπολλώνιος
948 1475 1140 1576 τριλογίαν
1164 1477 1221 1550 λί-
1324 1507 1332 1522 ·

115 1615 242 1694 γουσι,
274 1589 390 1688 χωρὶς
420 1596 498 1663 τῶν
523 1595 755 1684 σατυρικῶν·
791 1592 968 1690 docuitque
996 1605 1150 1666 accurata
1175 1595 1220 1669 ll.

114 1709 157 1784 F.
184 1708 359 1784 Clintouus
381 1709 417 1780 in
436 1707 549 1780 Musei
573 1705 918 1818 pbilolog3Gantabr.
943 1710 1027 1782 fasc.
1053 1709 1084 1782 1.
1108 1737 1141 1808 p.
1158 1712 1219 1786 76.

113 1854 207 1926 seqq.
257 1827 475 1924 Interpellata
497 1836 607 1900 tamen
631 1852 673 1899 ea
696 1827 897 1902 consuetodo
922 1836 1057 1925 putatur
1081 1829 1123 1900 ab
1149 1825 1220 1902 So-

113 1947 254 2045 pbocla,
288 1970 383 2043 quom
415 1944 539 2019 Suidas
573 1953 713 2019 testatur
745 1943 854 2038 ἄρξαι
877 1950 946 2017 τοῦ
973 1942 1102 2043 δρᾶμα
1128 1941 1220 2039 πρὸς

113 2062 243 2159 δρᾶμα
261 2059 524 2164 ἀγωνίζεσθαι,
551 2059 643 2134 ἀλλὰ
661 2060 714 2158 μὴ
733 2059 990 2161 τετραλογίαντ
1015 2087 1099 2160 quae
1119 2063 1222 2135 rerba

113 2184 173 2254 alii
199 2182 297 2274 aliter
321 2191 398 2254 suut
421 2180 650 2277 interpretati,
669 2204 758 2278 'quos
782 2181 962 2253 nominavit
988 2181 1029 2254 C.
1048 2181 1109 2255 Fr.
1125 2181 1218 2256 Her-

113 2323 251 2372 manuus
275 2299 309 2370 in
338 2297 594 2390 Quaestiouibus
621 2294 826 2394 Oedipoleis
846 2323 880 2395 p.
901 2297 961 2372 38.
1013 2297 1139 2372 Totum
1154 2324 1218 2371 au-

114 2429 178 2492 tem
211 2416 456 2507 testimouium,
496 2416 587 2488 nullo
620 2415 687 2487 alio
719 2424 855 2488 auctore
889 2414 1136 2509 confirmatum,
1169 2417 1218 2489 ita

113 2537 246 2610 dubium
277 2543 346 2628 est,
376 2541 413 2605 ut
443 2531 531 2604 baucl
561 2532 663 2605 sciam
697 2557 738 2606 an
771 2540 861 2606 recte
893 2531 1069 2620 Gliutonus
1095 2557 1128 2630 p.
1153 2533 1216 2606 78.
1293 2566 1295 2577 ·

111 2656 250 2727 alterum
282 2651 505 2750 Sophoclem,
544 2658 696 2748 nepotem
728 2651 811 2723 clari
843 2652 985 2748 tragici,
1025 2649 1215 2723 motationis

110 2773 203 2844 illius
227 2777 394 2844 auctorem
416 2769 519 2842 fuisse
544 2769 735 2843 coniecerit.

210 2889 292 2962 Alia
311 2911 418 2985 nuper
445 2913 487 2960 ex
510 2887 681 2984 inopinato
707 2894 797 2959 mota
822 2894 873 2959 est
896 2884 1071 2976 dubitatio,
1097 2883 1132 2956 iu
1159 2885 1224 2969 lu·¹

110 3033 182 3080 eom
222 3013 392 3104 protracto
433 3003 558 3078 codicis
589 3003 746 3077 Vaticani
784 3013 976 3100 argomento
1012 3000 1216 3101 Euripideae

109 3124 312 3215 Alcestidis,
348 3121 385 3192 iu
417 3145 481 3217 quo
516 3121 692 3217 seriptum:
731 3127 875 3216 πρῶτος
913 3117 961 3212 ἦν
1003 3125 1213 3216 Σοφοκλῆς,

109 3236 281 3334 δεύτερος
318 3233 522 3332 Εὐριπίδης
558 3229 763 3330 Κρήσσαις,
798 3234 1020 3328 Ἀλκμαίωνι
1055 3244 1110 3335 τῷ
1149 3236 1214 3310 διὰ

115 3352 309 3452 Ψωφῖδος,
339 3350 492 3451 Τηλέφῳ
499 3405 511 3438 ,
532 3346 748 3444 Ἀλκήστιδι.
805 3349 849 3426 τὸ
874 3349 916 3425 δὲ
938 3349 1066 3450 δρᾶμα
1096 3381 1214 3451 κωμι-

106 3469 277 3569 κωτέραν
299 3471 371 3565 ἔχει
383 3466 453 3564 τὴν
467 3467 711 3562 κατασκευήν,
739 3469 826 3567 quod
847 3479 1047 3570 postremum
1071 3477 1214 3546 vocabu-

107 3595 177 3666 lum
201 3583 468 3686 καταστροφὴν
491 3587 700 3662 scribendum
726 3612 798 3661 asse
827 3587 1046 3685 probabiliter
1071 3592 1215 3665 coniecit
1343 3693 1348 3703 1

110 3701 155 3782 G.
175 3707 390 3800 Diodorfius,
416 3708 494 3805 quia
517 3709 566 3780 sic
590 3707 750 3804 scriptum
776 3716 828 3780 est
847 3707 884 3778 iu
905 3714 1097 3802 argomento
1119 3705 1212 3780 Ore-

109 3823 191 3915 stis,
225 3824 265 3900 ule
296 3849 361 3923 qua
391 3825 505 3898 fabula
536 3824 623 3898 idem
649 3824 734 3922 quod
764 3823 805 3897 de
830 3823 1002 3897 Alcestido
1027 3831 1213 3898 statuerunt

108 3944 325 4037 grammatici.
386 3940 450 4015 Cui
482 3943 612 4041 quidem
646 3943 771 4015 iudicio
804 3940 882 4039 qoicl
917 3941 1127 4016 tribuendum
1168 3941 1213 4013 sit

108 4060 162 4132 vel
184 4058 237 4150 1ο.
262 4061 408 4136 Tnatues
432 4059 552 4134 ulooore
577 4067 710 4157 potest,
737 4061 793 4156 qui
819 4084 917 4157 quum
941 4059 1130 4156 scripsisset
1151 4057 1212 4130 bos

108 4202 221 4251 remos
247 4177 282 4250 iu
309 4178 460 4252 Cramari
483 4177 668 4251 Aneodotis
689 4179 756 4251 vol.
777 4175 844 4248 Ill.
863 4201 895 4274 p.
917 4177 1006 4269 337,
1023 4177 1060 4250 9.

182 4292 383 4392 σατυρικὸν
409 4291 449 4368 δὲ
474 4291 675 4393 Πρατίναν
698 4290 783 4366 olba
805 4287 944 4388 μόνον·

183 4410 317 4493 ἄλλους
341 4408 366 4486 δ
372 4410 383 4438 ’
410 4409 579 4511 ἐφευραλν
600 4416 632 4486 sl
656 4408 794 4496 θέλεις,
820 4406 951 4484 τέκνον
957 4461 969 4495 ,
996 4404 1130 4508 γροίφε,
