3022 5140
684 299 733 372 23

495 485 531 552 A
542 485 578 554 Ν
584 484 619 552 Δ
629 486 665 554 P
675 483 707 556 0
717 485 808 556 MA
816 487 861 556 X
866 487 914 556 H.

145 589 221 680 φεῦ
247 589 332 679 φεῦ.

143 701 267 781 κακόν
291 735 333 808 γε
358 706 514 798 θνητοῖς
538 703 581 778 τὸ
605 704 709 793 νίον,
737 707 778 781 ἐν
801 705 844 782 δὲ
866 716 920 808 τῷ
943 709 1015 809 νίῳ

143 829 264 927 τὸμὴ
287 829 434 906 δίκαιον
456 828 552 912 ὅςτις
578 829 798 928 ἀνθρώπων
823 833 906 928 ἔχει.

143 953 218 1056 lyei
245 952 286 1030 δὲ
306 954 439 1053 ταρβῶ
457 951 510 1049 μὴ
535 951 578 1028 τὸ
606 952 794 1030 δουλεύειν
817 956 869 1052 με’
889 978 947 1031 σοι

143 1076 270 1181 λόγων
295 1077 447 1174 ολπιόσῃ,
471 1073 577 1152 πόλλ’
605 1080 766 1174 ἔχουσαν
793 1079 934 1168 ίνιλιιια,
963 1108 978 1116 ·

142 1203 190 1297 ἢν
216 1202 258 1279 δ’
286 1201 335 1278 αὖ
360 1198 554 1298 κρατήσω,
578 1202 630 1298 μὴ
653 1202 708 1278 ’πὶ
735 1203 828 1303 rqiil'
855 1206 962 1306 ὄφλω
987 1203 1157 1301 βλάβην·

143 1328 180 1402 οἱ
201 1326 276 1429 γὰρ
304 1325 475 1410 πνέοντες
498 1324 643 1430 Ιιιεγοίλα
666 1327 755 1414 nois·
778 1327 973 1428 κρείσσους
998 1328 1130 1432 λόγους

141 1459 284 1551 πικρῶς
309 1452 463 1550 φέρουσι
490 1460 568 1528 τῶν
594 1450 807 1529 ἐλασσόνων
831 1454 922 1529 ἄπο·
1268 1453 1328 1513 ¹9⁰

142 1577 244 1674 ὅμως
270 1575 310 1651 (λ’
336 1575 502 1673 ἐμαυτὴν
528 1578 571 1652 σι’
599 1576 779 1676 προιλοῦσ’
807 1575 1011 1674 ἁλώσομαι.

141 1702 230 1789 εἴπ’,
258 1699 289 1776 ὦ
314 1709 438 1788 νεᾶνι,
465 1709 520 1800 τῷ
546 1702 584 1776 o'
613 1698 778 1804 ἐχεγγύῳ
805 1699 903 1804 λόγῳ

139 1825 323 1900 πεισθεῖῶ
350 1827 498 1900 ἀπωθοῦ
523 1825 688 1929 γνησίων
715 1824 998 1926 νυμφευμάτων
1006 1856 1018 1914 ,·

140 2069 262 2127 afferens
285 2069 371 2127 babet
390 2069 512 2147 θηλείας
533 2065 648 2151 φρενός.
692 2069 814 2129 Errasse
836 2070 1059 2130 Valckenarium
1083 2066 1118 2125 ad
1141 2065 1251 2124 Phocn.

138 2153 212 2215 206.
237 2153 285 2230 qui
326 2151 472 2230 Euripidis
496 2152 632 2211 librorum
648 2155 816 2232 scripturam
843 2172 878 2210 ne
895 2152 1035 2209 Graecam
1056 2149 1168 2229 quirlem
1191 2167 1254 2207 esso

139 2253 259 2292 censens
286 2230 319 2295 τὸ
346 2240 441 2314 χρῆμα
470 2235 556 2294 scribi
585 2236 716 2306 volebat,
750 2234 825 2313 quod
855 2237 964 2314 recepit
984 2234 1254 2312 obsequentissimus
1287 2237 1290 2248 '

139 2318 333 2377 Valckenario
355 2318 533 2389 Brunckius‚
557 2321 612 2377 iam
634 2317 819 2376 ostenderunt
840 2318 900 2376 alii.

223 2417 294 2479 184.
325 2413 472 2496 Euripidis
490 2417 554 2476 iibri
571 2415 602 2478 ἕν
619 2439 648 2477 τε
663 2419 704 2502 τῷ
719 2414 783 2501 νίρι.
820 2415 960 2474 Stobaeus
978 2415 1042 2473 Ltl.
1063 2417 1093 2475 l.
1112 2414 1160 2490 qui
1179 2413 1252 2469 hunc

138 2511 167 2558 et
188 2511 352 2580 sequentem
373 2520 484 2559 versum
510 2500 607 2571 affert,
641 2498 673 2560 ἐν
694 2497 726 2560 δὲ
746 2505 786 2584 τῷ
805 2499 868 2584 νέῳ.
912 2498 945 2556 ld
966 2497 1107 2556 Matthiae
1129 2493 1253 2554 deterius

137 2582 252 2661 vulgato
275 2603 338 2642 esse
368 2583 494 2662 putabat.
539 2583 708 2660 Lentingius
730 2604 762 2665 γε
782 2593 811 2640 et
832 2604 862 2643 τε
884 2582 937 2640 sibi
959 2579 1131 2662 respondere
1154 2577 1253 2637 erede·

137 2666 196 2738 bat,
221 2665 296 2745 quod
318 2667 380 2726 fieri
403 2665 480 2724 nuile
501 2679 584 2747 paeto
606 2677 717 2746 potest:
750 2687 777 2723 v.
802 2663 839 2724 ad
855 2687 883 2723 v.
902 2665 975 2726 239.
1021 2663 1152 2742 Denique
1177 2659 1252 2738 quod

138 2750 227 2827 magis
248 2751 333 2808 etiam
351 2770 433 2828 quam
457 2747 527 2810 ba'ec
548 2753 662 2822 mirere,
687 2748 836 2828 Pliugkius
853 2747 887 2807 de
905 2748 1022 2806 Stobaei
1039 2748 1160 2806 lectione
1181 2745 1251 2802 haee

137 2833 266 2910 scripsit:
299 2837 391 2893 mele:
422 2855 487 2892 nem
513 2855 614 2894 sensus
634 2843 693 2893 est:
724 2835 960 2912 *periculoso
988 2851 1051 2890 res
1080 2839 1141 2888 est
1161 2847 1251 2886 mor-

138 2917 288 2975 talibus
311 2919 502 2976 z'noeailt's
518 2917 834 2998 octulz'sseruor,
856 2917 1097 2996 praesertim
1114 2915 1147 2972 si
1166 2913 1252 2990 quis

137 3000 227 3058 λιιιό
263 3001 477 3060 odr‘unetos
514 3001 631 3060 lebet
667 3004 842 3059 iniustas
868 3001 1126 3077 cupiditates.
1182 2992 1249 3052 Non

137 3083 226 3140 sensit
255 3084 342 3159 igitur
363 3102 393 3141 se
415 3084 488 3141 banc
511 3085 597 3163 ipsam
621 3085 789 3161 scripturam
811 3083 1010 3161 interpretari,
1043 3099 1125 3158 quam
1148 3078 1249 3135 malam

137 3183 199 3222 esse
221 3167 401 3244 pronunciat.
446 3165 506 3225 Aut
523 3167 648 3225 scribere
665 3164 786 3223 debebat
800 3162 953 3243 Euripides
974 3159 1065 3223 κακόν
1084 3185 1114 3222 τε
1129 3165 1252 3238 θνητοῖς

136 3243 169 3308 τό
191 3245 259 3308 νέον
281 3247 312 3310 ἕν
333 3271 363 3309 τε
383 3255 423 3334 τῷ
444 3249 515 3334 νέῳ,
538 3261 602 3320 aut,
632 3249 656 3307 si
676 3270 709 3330 γε
730 3257 867 3326 poneret,
892 3248 997 3306 inferre
1019 3244 1051 3306 ἐν
1072 3242 1104 3305 δὲ
1123 3249 1164 3327 τῷ
1185 3240 1249 3326 νέῳ.

219 3345 291 3410 190.
335 3345 416 3406 Libri
445 3345 513 3410 ὕπο.
563 3347 671 3406 Nescio
701 3367 737 3405 an
771 3341 828 3406 ίίπο
853 3345 955 3423 legerit
984 3344 1169 3411 scholiastes,
1201 3343 1249 3420 qui

137 3432 177 3488 sic
199 3431 418 3508 interpretatur:
443 3431 473 3493 οί
491 3427 545 3514 γὰρ
561 3435 843 3514 μεγαλοφρονοῦντες
858 3425 969 3510 βαρέως
985 3425 1125 3509 φέρουσιν
1146 3423 1194 3486 ἐπὶ
1209 3429 1250 3509 τῶ

136 3508 214 3594 παρὰ
242 3518 301 3574 τῶν
328 3509 490 3576 ἐλασσόνων
516 3513 711 3596 δικαιοτέρους
736 3509 841 3595 λόγους
868 3508 986 3574 οἰκοόειν
1007 3509 1057 3572 καί
1076 3507 1248 3592 ἕλε’γγεσθαι.

136 3595 211 3653 Nam
238 3590 297 3656 ὑπὸ
324 3597 439 3656 verbum
471 3599 605 3678 requirit,
636 3600 715 3656 utin
737 3595 828 3654 Aiace
858 3617 885 3654 v.
903 3594 976 3658 494.
1008 3589 1048 3676 μή
1070 3589 1100 3672 μ’
1125 3587 1249 3676 ἆξιῶσῃς

136 3674 218 3756 βάξιν
239 3674 372 3761 ιἰλγεινὴν
397 3683 496 3760 λαβεῖν
524 3686 583 3742 τῶν
604 3685 664 3742 σῶν
682 3675 733 3742 ὑπ’
759 3679 893 3761 ἒχθρῶν.’
919 3677 958 3737 Et
980 3700 1007 3737 r.
1031 3677 1121 3740 1320.
1142 3671 1177 3737 οὗ
1194 3697 1248 3754 γαρ

136 3757 268 3836 ιιλιίοντές
289 3761 373 3840 ἔσμεν
394 3765 556 3844 αἰσχίστους
577 3759 692 3848 λόγους,
715 3759 786 3838 ίίναξ
797 3757 952 3835 Ὀδυσσεῦ,
972 3755 1053 3823 τοῦδ’
1073 3754 1125 3820 ὕπ’
1142 3752 1248 3834 ἀνδρὸς

137 3839 254 3924 όρτίωςς
282 3844 322 3903 Et
348 3849 377 3906 in
399 3846 516 3907 Electra
537 3870 565 3907 v.
585 3849 657 3912 552.
690 3847 764 3927 ἐρεῖς
790 3844 842 3925 μὲν
868 3841 932 3923 οὐχὶ
952 3849 1007 3905 νῦν
1028 3842 1060 3924 γέ
1081 3837 1111 3920 μ’
1136 3835 1176 3910 ὥς
1196 3835 1246 3916 ἅρ-

136 3924 206 4000 ξασοί
225 3951 252 3988 τι
279 3926 426 4011 λυπηρόν,
457 3926 517 3992 εἶτα
538 3937 592 3995 σοῦ
613 3927 675 3992 τόδ’
703 3925 835 4008 ἕξήιιουσ’
856 3925 923 3989 ὕπο.
966 3927 1095 4005 Apparet
1116 3922 1245 3999 usurpari

136 4010 205 4069 hanc
229 4011 362 4090 loquendi
383 4016 538 4086 rationem,
563 4035 647 4094 quum
670 4015 732 4091 quis
754 4011 861 4089 aliquid
881 4009 917 4068 de
939 4029 969 4067 se
985 4009 1029 4066 vel
1052 4008 1125 4064 inse
1141 4003 1176 4060 ab
1193 4003 1246 4084 ali-

136 4113 188 4172 quo
211 4092 316 4152 dictum
344 4096 432 4157 audit.
478 4096 562 4172 Quod
585 4117 639 4154 non
663 4094 739 4154 cadit
759 4096 788 4152 in
811 4096 885 4152 hune
903 4089 1017 4162 iocum,
1047 4091 1075 4146 in
1098 4107 1153 4166 quo
1176 4079 1244 4143 nihii

136 4177 186 4234 nisi
209 4177 283 4236 unde
305 4183 416 4250 veniret
437 4201 529 4240 sermo
552 4176 731 4237 indicandum
754 4187 832 4246 erat,
857 4176 910 4233 nisi
930 4175 992 4251 quis
1009 4169 1244 4250 praepositionem

135 4279 187 4317 non
211 4272 267 4318 tarn
290 4265 384 4322 verbis
407 4285 489 4343 qnam
512 4263 669 4322 sentcntiae
692 4256 930 4317 accommodatam
954 4266 1073 4322 statuat,
1098 4253 1178 4332 quasi
1203 4248 1246 4312 di-

134 4361 196 4402 cere
214 4345 347 4408 voluerit:
371 4354 483 4429 πικρῶς
501 4345 640 4424 φέρουσιν
656 4339 756 4424 ὀρθῶς
772 4335 999 4418 emancupare
1015 4333 1073 4400 ὑπὸ
1093 4341 1151 4397 τῶν
1167 4333 1245 4396 ἔλασ-

135 4421 235 4487 σόνων.
289 4428 347 4490 Sed
377 4433 431 4490 boc
462 4443 517 4489 tam
549 4430 666 4488 moleste
693 4425 815 4496 dictum,
849 4435 877 4482 ut
906 4445 959 4484 nou
983 4422 1167 4486 dubitaverim
1188 4414 1247 4479 ίίπο

134 4509 267 4569 scribere.
