<?xml version="1.0" encoding="UTF-8"?>
<!DOCTYPE html PUBLIC "-//W3C//DTD XHTML 1.0 Transitional//EN"
    "http://www.w3.org/TR/xhtml1/DTD/xhtml1-transitional.dtd">
<html xmlns="http://www.w3.org/1999/xhtml" xml:lang="en" lang="en">
 <head>
  <title>
</title>
<meta http-equiv="Content-Type" content="text/html;charset=utf-8" />
  <meta name='ocr-system' content='tesseract 3.04.00' />
  <meta name='ocr-capabilities' content='ocr_page ocr_carea ocr_par ocr_line ocrx_word'/>
</head>
<body>
  <div class='ocr_page' id='page_1' title='image "./euripidistragoe09eurigoog/euripidistragoe09eurigoog_0646.png"; bbox 0 0 2994 5128; ppageno 0'>
   <div class='ocr_carea' id='block_1_1' title="bbox 639 335 682 408">
    <p class='ocr_par' dir='ltr' id='par_1_1' title="bbox 639 335 682 408">
     <span class='ocr_line' id='line_1_1' title="bbox 639 335 682 408; baseline 0 0"><span class='ocrx_word' id='word_1_1' title='bbox 639 335 682 408; x_wconf 90' lang='lat' dir='ltr'>ll</span> 
     </span>
    </p>
   </div>
   <div class='ocr_carea' id='block_1_2' title="bbox 27 529 1126 2148">
    <p class='ocr_par' dir='ltr' id='par_1_2' title="bbox 99 529 1078 762">
     <span class='ocr_line' id='line_1_2' title="bbox 99 529 1078 633; baseline 0.004 -25"><span class='ocrx_word' id='word_1_2' title='bbox 99 531 296 615; x_wconf 82' lang='grc' dir='ltr'><strong><em>Μενέλαος</em></strong></span> <span class='ocrx_word' id='word_1_3' title='bbox 316 529 480 628; x_wconf 84' lang='grc' dir='ltr'><strong><em>Ἑλένην,</em></strong></span> <span class='ocrx_word' id='word_1_4' title='bbox 509 531 530 604; x_wconf 83' lang='lat' dir='ltr'>ii</span> <span class='ocrx_word' id='word_1_5' title='bbox 554 529 596 608; x_wconf 78' lang='lat' dir='ltr'>dd</span> <span class='ocrx_word' id='word_1_6' title='bbox 621 529 952 633; x_wconf 81' lang='grc' dir='ltr'><strong><em>Κλυταιμνήστρας</em></strong></span> <span class='ocrx_word' id='word_1_7' title='bbox 976 535 1078 632; x_wconf 87' lang='grc' dir='ltr'><strong><em>λέχος</em></strong></span> 
     </span>
     <span class='ocr_line' id='line_1_3' title="bbox 100 649 948 762; baseline 0 -28"><span class='ocrx_word' id='word_1_8' title='bbox 100 658 281 756; x_wconf 79' lang='grc' dir='ltr'><strong><em>ἐπίσημον</em></strong></span> <span class='ocrx_word' id='word_1_9' title='bbox 306 661 357 741; x_wconf 73' lang='grc' dir='ltr'>εἰς</span> <span class='ocrx_word' id='word_1_10' title='bbox 372 655 548 754; x_wconf 81' lang='grc' dir='ltr'><strong><em>Ἕλληνας</em></strong></span> <span class='ocrx_word' id='word_1_11' title='bbox 564 649 811 762; x_wconf 70' lang='grc' dir='ltr'><strong><em>Ἆγαμέμνιον</em></strong></span> <span class='ocrx_word' id='word_1_12' title='bbox 836 659 948 744; x_wconf 83' lang='grc' dir='ltr'><strong><em>ἄναξ·</em></strong></span> 
     </span>
    </p>

    <p class='ocr_par' dir='ltr' id='par_1_3' title="bbox 99 780 1104 1136">
     <span class='ocr_line' id='line_1_4' title="bbox 101 780 1104 888; baseline 0.001 -28"><span class='ocrx_word' id='word_1_13' title='bbox 101 781 133 882; x_wconf 80' lang='grc' dir='ltr'><strong><em>ᾦ</em></strong></span> <span class='ocrx_word' id='word_1_14' title='bbox 160 784 345 882; x_wconf 79' lang='grc' dir='ltr'><strong><em>παρθένοι</em></strong></span> <span class='ocrx_word' id='word_1_15' title='bbox 367 780 440 879; x_wconf 76' lang='grc' dir='ltr'>μὲν</span> <span class='ocrx_word' id='word_1_16' title='bbox 463 787 560 881; x_wconf 84' lang='grc' dir='ltr'><strong><em>τρεῖς</em></strong></span> <span class='ocrx_word' id='word_1_17' title='bbox 584 785 792 884; x_wconf 74' lang='grc' dir='ltr'><strong><em>ἔφυμεν-ἐκ</em></strong></span> <span class='ocrx_word' id='word_1_18' title='bbox 816 794 917 883; x_wconf 84' lang='grc' dir='ltr'><strong><em>μιᾶς,</em></strong></span> <span class='ocrx_word' id='word_1_19' title='bbox 1096 876 1104 888; x_wconf 76' lang='lat'>.</span> 
     </span>
     <span class='ocr_line' id='line_1_5' title="bbox 99 906 1007 1014; baseline 0.002 -28"><span class='ocrx_word' id='word_1_20' title='bbox 99 909 346 1009; x_wconf 81' lang='grc' dir='ltr'><strong><em>Χρυσόθεμις</em></strong></span> <span class='ocrx_word' id='word_1_21' title='bbox 363 906 558 1011; x_wconf 73' lang='grc' dir='ltr'><strong><em>Ἰφιγένειά</em></strong></span> <span class='ocrx_word' id='word_1_22' title='bbox 582 912 617 984; x_wconf 78' lang='grc' dir='ltr'>τ’</span> <span class='ocrx_word' id='word_1_23' title='bbox 639 911 818 1010; x_wconf 75' lang='grc' dir='ltr'><strong><em>Ἠλέκτρα</em></strong></span> <span class='ocrx_word' id='word_1_24' title='bbox 844 913 878 985; x_wconf 73' lang='grc' dir='ltr'>τ’</span> <span class='ocrx_word' id='word_1_25' title='bbox 908 910 1007 1014; x_wconf 64' lang='lat' dir='ltr'>tyni.</span> 
     </span>
     <span class='ocr_line' id='line_1_6' title="bbox 102 1034 949 1136; baseline 0.004 -26"><span class='ocrx_word' id='word_1_26' title='bbox 102 1039 224 1135; x_wconf 83' lang='grc' dir='ltr'><strong><em>ἄρσην</em></strong></span> <span class='ocrx_word' id='word_1_27' title='bbox 248 1037 284 1110; x_wconf 72' lang='grc' dir='ltr'><strong><em>τ’</em></strong></span> <span class='ocrx_word' id='word_1_28' title='bbox 304 1036 495 1134; x_wconf 79' lang='grc' dir='ltr'><strong><em>Ὀρέστης,</em></strong></span> <span class='ocrx_word' id='word_1_29' title='bbox 522 1035 662 1136; x_wconf 83' lang='grc' dir='ltr'><strong><em>μητρὸς</em></strong></span> <span class='ocrx_word' id='word_1_30' title='bbox 685 1034 949 1136; x_wconf 80' lang='grc' dir='ltr'><strong><em>ἀνοσιωτάτης,</em></strong></span> 
     </span>
    </p>

    <p class='ocr_par' dir='ltr' id='par_1_4' title="bbox 101 1158 918 1265">
     <span class='ocr_line' id='line_1_7' title="bbox 101 1158 918 1265; baseline 0.006 -30"><span class='ocrx_word' id='word_1_31' title='bbox 101 1165 126 1258; x_wconf 84' lang='grc' dir='ltr'>ἣ</span> <span class='ocrx_word' id='word_1_32' title='bbox 152 1158 262 1237; x_wconf 89' lang='grc' dir='ltr'><strong><em>πόσιν</em></strong></span> <span class='ocrx_word' id='word_1_33' title='bbox 288 1161 427 1261; x_wconf 77' lang='grc' dir='ltr'><strong><em>ἀπείρῳ</em></strong></span> <span class='ocrx_word' id='word_1_34' title='bbox 452 1165 694 1263; x_wconf 67' lang='grc' dir='ltr'><strong><em>περιβαλοίσ</em></strong></span> <span class='ocrx_word' id='word_1_35' title='bbox 722 1162 918 1265; x_wconf 79' lang='grc' dir='ltr'><strong><em>ὑφάσματι</em></strong></span> 
     </span>
    </p>

    <p class='ocr_par' dir='ltr' id='par_1_5' title="bbox 27 1281 924 1393">
     <span class='ocr_line' id='line_1_8' title="bbox 27 1281 924 1393; baseline 0.007 -31"><span class='ocrx_word' id='word_1_36' title='bbox 27 1340 35 1362; x_wconf 88' lang='grc'><strong>.</strong></span> <span class='ocrx_word' id='word_1_37' title='bbox 103 1289 277 1364; x_wconf 73' lang='grc' dir='ltr'><strong><em>ἔκτεινεν·</em></strong></span> <span class='ocrx_word' id='word_1_38' title='bbox 303 1281 359 1366; x_wconf 79' lang='grc' dir='ltr'>ὧν</span> <span class='ocrx_word' id='word_1_39' title='bbox 384 1287 421 1364; x_wconf 84' lang='lat' dir='ltr'>d‘</span> <span class='ocrx_word' id='word_1_40' title='bbox 451 1291 570 1379; x_wconf 74' lang='grc' dir='ltr'><strong><em>ἕκατι,</em></strong></span> <span class='ocrx_word' id='word_1_41' title='bbox 596 1293 777 1389; x_wconf 77' lang='grc' dir='ltr'><strong><em>παρθένῳ</em></strong></span> <span class='ocrx_word' id='word_1_42' title='bbox 807 1293 924 1393; x_wconf 79' lang='grc' dir='ltr'><strong><em>λέγειν</em></strong></span> 
     </span>
    </p>

    <p class='ocr_par' dir='ltr' id='par_1_6' title="bbox 103 1411 1126 2018">
     <span class='ocr_line' id='line_1_9' title="bbox 103 1411 1075 1514; baseline 0.007 -27"><span class='ocrx_word' id='word_1_43' title='bbox 103 1414 149 1488; x_wconf 80' lang='grc' dir='ltr'>οὐ</span> <span class='ocrx_word' id='word_1_44' title='bbox 174 1411 305 1492; x_wconf 85' lang='grc' dir='ltr'><strong><em>καλόν·</em></strong></span> <span class='ocrx_word' id='word_1_45' title='bbox 332 1419 382 1489; x_wconf 80' lang='grc' dir='ltr'>ἐῶ</span> <span class='ocrx_word' id='word_1_46' title='bbox 406 1417 512 1490; x_wconf 72' lang='grc' dir='ltr'><strong><em>τοῦτ’</em></strong></span> <span class='ocrx_word' id='word_1_47' title='bbox 542 1414 684 1514; x_wconf 76' lang='grc' dir='ltr'><strong><em>ἀσαφὲς</em></strong></span> <span class='ocrx_word' id='word_1_48' title='bbox 709 1421 751 1493; x_wconf 74' lang='grc' dir='ltr'>ἐν</span> <span class='ocrx_word' id='word_1_49' title='bbox 775 1427 888 1514; x_wconf 81' lang='grc' dir='ltr'><strong><em>κοινῷ</em></strong></span> <span class='ocrx_word' id='word_1_50' title='bbox 915 1426 1075 1494; x_wconf 72' lang='grc' dir='ltr'>σκοπεῖν.</span> 
     </span>
     <span class='ocr_line' id='line_1_10' title="bbox 103 1525 1126 1642; baseline 0.004 -28"><span class='ocrx_word' id='word_1_51' title='bbox 103 1543 253 1638; x_wconf 78' lang='grc' dir='ltr'><strong><em>Φοίβου</em></strong></span> <span class='ocrx_word' id='word_1_52' title='bbox 280 1541 315 1616; x_wconf 85' lang='lat' dir='ltr'>d&#39;</span> <span class='ocrx_word' id='word_1_53' title='bbox 346 1537 498 1614; x_wconf 78' lang='grc' dir='ltr'><strong><em>ἀδικίαν</em></strong></span> <span class='ocrx_word' id='word_1_54' title='bbox 522 1538 593 1635; x_wconf 79' lang='grc' dir='ltr'>μὲν</span> <span class='ocrx_word' id='word_1_55' title='bbox 617 1539 654 1614; x_wconf 89' lang='grc' dir='ltr'>τί</span> <span class='ocrx_word' id='word_1_56' title='bbox 678 1537 738 1616; x_wconf 81' lang='lat' dir='ltr'>dei</span> <span class='ocrx_word' id='word_1_57' title='bbox 759 1549 977 1642; x_wconf 76' lang='grc' dir='ltr'><strong><em>κατηγορεῖν</em></strong></span> <span class='ocrx_word' id='word_1_58' title='bbox 983 1573 997 1633; x_wconf 87' lang='grc'><strong><em>,·</em></strong></span> <span class='ocrx_word' id='word_1_59' title='bbox 1123 1525 1126 1534; x_wconf 40' lang='grc'><strong>’</strong></span> 
     </span>
     <span class='ocr_line' id='line_1_11' title="bbox 103 1663 1014 1768; baseline 0.003 -30"><span class='ocrx_word' id='word_1_60' title='bbox 103 1665 226 1738; x_wconf 76' lang='grc' dir='ltr'><strong><em>πείθει</em></strong></span> <span class='ocrx_word' id='word_1_61' title='bbox 252 1665 289 1738; x_wconf 81' lang='lat' dir='ltr'>d’</span> <span class='ocrx_word' id='word_1_62' title='bbox 312 1663 492 1763; x_wconf 83' lang='grc' dir='ltr'><strong><em>Ὀρέστην</em></strong></span> <span class='ocrx_word' id='word_1_63' title='bbox 516 1665 659 1763; x_wconf 72' lang='grc' dir='ltr'><strong><em>μητέρ’,</em></strong></span> <span class='ocrx_word' id='word_1_64' title='bbox 684 1664 709 1762; x_wconf 82' lang='grc' dir='ltr'><em>ἥ</em></span> <span class='ocrx_word' id='word_1_65' title='bbox 735 1667 801 1764; x_wconf 71' lang='grc' dir='ltr'>σφ’</span> <span class='ocrx_word' id='word_1_66' title='bbox 836 1665 1014 1768; x_wconf 66' lang='grc' dir='ltr'><strong><em>ἐγείνατο,</em></strong></span> 
     </span>
     <span class='ocr_line' id='line_1_12' title="bbox 103 1789 1012 1891; baseline 0.002 -27"><span class='ocrx_word' id='word_1_67' title='bbox 103 1795 243 1864; x_wconf 77' lang='grc' dir='ltr'><strong><em>κτεῖναι</em></strong></span> <span class='ocrx_word' id='word_1_68' title='bbox 250 1845 263 1879; x_wconf 96' lang='grc'><strong><em>,</em></strong></span> <span class='ocrx_word' id='word_1_69' title='bbox 289 1789 381 1885; x_wconf 85' lang='grc' dir='ltr'><strong><em>πρὸς</em></strong></span> <span class='ocrx_word' id='word_1_70' title='bbox 406 1790 475 1886; x_wconf 78' lang='grc' dir='ltr'>οὐχ</span> <span class='ocrx_word' id='word_1_71' title='bbox 501 1790 669 1876; x_wconf 85' lang='grc' dir='ltr'><strong><em>ἅπαντας</em></strong></span> <span class='ocrx_word' id='word_1_72' title='bbox 693 1793 860 1868; x_wconf 76' lang='grc' dir='ltr'><strong><em>εὔκλειαν</em></strong></span> <span class='ocrx_word' id='word_1_73' title='bbox 886 1792 1012 1891; x_wconf 87' lang='grc' dir='ltr'><strong><em>φέρον.</em></strong></span> 
     </span>
     <span class='ocr_line' id='line_1_13' title="bbox 105 1915 945 2018; baseline 0.005 -28"><span class='ocrx_word' id='word_1_74' title='bbox 105 1916 207 2011; x_wconf 84' lang='grc' dir='ltr'><strong><em>ὅμως</em></strong></span> <span class='ocrx_word' id='word_1_75' title='bbox 231 1915 269 1991; x_wconf 67' lang='grc' dir='ltr'>ιλ</span> <span class='ocrx_word' id='word_1_76' title='bbox 299 1915 496 2006; x_wconf 73' lang='grc' dir='ltr'><strong><em>ἀπέκτειν’,</em></strong></span> <span class='ocrx_word' id='word_1_77' title='bbox 522 1917 591 1993; x_wconf 82' lang='grc' dir='ltr'>οὐκ</span> <span class='ocrx_word' id='word_1_78' title='bbox 614 1915 823 2016; x_wconf 77' lang='grc' dir='ltr'><strong><em>ἀπειθήσας</em></strong></span> <span class='ocrx_word' id='word_1_79' title='bbox 845 1923 945 2018; x_wconf 80' lang='grc' dir='ltr'><strong><em>θεῷ·</em></strong></span> 
     </span>
    </p>

    <p class='ocr_par' dir='ltr' id='par_1_7' title="bbox 104 2041 895 2148">
     <span class='ocr_line' id='line_1_14' title="bbox 104 2041 895 2148; baseline 0.004 -30"><span class='ocrx_word' id='word_1_80' title='bbox 104 2041 211 2144; x_wconf 73' lang='grc' dir='ltr'>κάγώ</span> <span class='ocrx_word' id='word_1_81' title='bbox 235 2043 432 2140; x_wconf 85' lang='grc' dir='ltr'><strong><em>μετέσχον,</em></strong></span> <span class='ocrx_word' id='word_1_82' title='bbox 458 2043 520 2120; x_wconf 82' lang='grc' dir='ltr'>οἷα</span> <span class='ocrx_word' id='word_1_83' title='bbox 546 2043 593 2143; x_wconf 76' lang='grc' dir='ltr'>δὴ</span> <span class='ocrx_word' id='word_1_84' title='bbox 618 2043 734 2148; x_wconf 76' lang='grc' dir='ltr'><strong><em>γυνή,</em></strong></span> <span class='ocrx_word' id='word_1_85' title='bbox 760 2043 895 2146; x_wconf 87' lang='grc' dir='ltr'><strong><em>φόνου,</em></strong></span> 
     </span>
    </p>
   </div>
   <div class='ocr_carea' id='block_1_3' title="bbox 106 2397 1230 2762">
    <p class='ocr_par' dir='ltr' id='par_1_8' title="bbox 106 2397 1230 2651">
     <span class='ocr_line' id='line_1_15' title="bbox 192 2397 1230 2481; baseline 0.006 -23"><span class='ocrx_word' id='word_1_86' title='bbox 192 2399 243 2459; x_wconf 88' lang='grc'><strong>20.</strong></span> <span class='ocrx_word' id='word_1_87' title='bbox 269 2400 331 2460; x_wconf 85' lang='lat' dir='ltr'>Ald.</span> <span class='ocrx_word' id='word_1_88' title='bbox 360 2409 386 2460; x_wconf 89' lang='lat' dir='ltr'>et</span> <span class='ocrx_word' id='word_1_89' title='bbox 405 2403 520 2480; x_wconf 73' lang='lat' dir='ltr'>plerique</span> <span class='ocrx_word' id='word_1_90' title='bbox 542 2403 615 2463; x_wconf 90' lang='lat' dir='ltr'>codd.</span> <span class='ocrx_word' id='word_1_91' title='bbox 639 2399 798 2476; x_wconf 80' lang='grc' dir='ltr'><strong><em>Μενέλεως</em></strong></span> <span class='ocrx_word' id='word_1_92' title='bbox 814 2397 947 2481; x_wconf 79' lang='grc' dir='ltr'><strong><em>Ἑλένην.</em></strong></span> <span class='ocrx_word' id='word_1_93' title='bbox 990 2403 1077 2465; x_wconf 79' lang='lat' dir='ltr'>Mose.</span> <span class='ocrx_word' id='word_1_94' title='bbox 1100 2425 1124 2465; x_wconf 91' lang='lat' dir='ltr'>a.</span> <span class='ocrx_word' id='word_1_95' title='bbox 1145 2407 1180 2464; x_wconf 88' lang='lat' dir='ltr'>R.</span> <span class='ocrx_word' id='word_1_96' title='bbox 1203 2415 1230 2464; x_wconf 92' lang='lat' dir='ltr'>et</span> 
     </span>
     <span class='ocr_line' id='line_1_16' title="bbox 106 2485 1228 2558; baseline 0.005 -16"><span class='ocrx_word' id='word_1_97' title='bbox 106 2485 284 2544; x_wconf 87' lang='lat' dir='ltr'>Parisinorum</span> <span class='ocrx_word' id='word_1_98' title='bbox 307 2505 376 2544; x_wconf 90' lang='lat' dir='ltr'>unus</span> <span class='ocrx_word' id='word_1_99' title='bbox 398 2485 568 2558; x_wconf 76' lang='grc' dir='ltr'><strong><em>Μενέλαος.</em></strong></span> <span class='ocrx_word' id='word_1_100' title='bbox 611 2489 709 2546; x_wconf 85' lang='lat' dir='ltr'>Eadem</span> <span class='ocrx_word' id='word_1_101' title='bbox 731 2494 837 2547; x_wconf 89' lang='lat' dir='ltr'>nomina</span> <span class='ocrx_word' id='word_1_102' title='bbox 859 2493 994 2548; x_wconf 86' lang='lat' dir='ltr'>coniuncta</span> <span class='ocrx_word' id='word_1_103' title='bbox 1014 2509 1040 2549; x_wconf 78' lang='lat' dir='ltr'>r.</span> <span class='ocrx_word' id='word_1_104' title='bbox 1054 2487 1145 2550; x_wconf 84' lang='grc'><strong>1189.</strong></span> <span class='ocrx_word' id='word_1_105' title='bbox 1173 2491 1228 2548; x_wconf 88' lang='lat' dir='ltr'>Du·</span> 
     </span>
     <span class='ocr_line' id='line_1_17' title="bbox 107 2566 987 2651; baseline 0.006 -23"><span class='ocrx_word' id='word_1_106' title='bbox 107 2573 182 2628; x_wconf 88' lang='lat' dir='ltr'>bitari</span> <span class='ocrx_word' id='word_1_107' title='bbox 204 2578 288 2647; x_wconf 88' lang='lat' dir='ltr'>potest</span> <span class='ocrx_word' id='word_1_108' title='bbox 310 2591 342 2629; x_wconf 87' lang='lat' dir='ltr'>an</span> <span class='ocrx_word' id='word_1_109' title='bbox 364 2577 497 2648; x_wconf 75' lang='lat' dir='ltr'>scripserit</span> <span class='ocrx_word' id='word_1_110' title='bbox 517 2573 656 2650; x_wconf 77' lang='lat' dir='ltr'><strong>Euripides</strong></span> <span class='ocrx_word' id='word_1_111' title='bbox 673 2566 796 2651; x_wconf 78' lang='grc' dir='ltr'><strong><em>Ἑλένην</em></strong></span> <span class='ocrx_word' id='word_1_112' title='bbox 817 2571 987 2645; x_wconf 81' lang='grc' dir='ltr'><strong><em>Μενέλεως,</em></strong></span> 
     </span>
    </p>

    <p class='ocr_par' dir='ltr' id='par_1_9' title="bbox 192 2649 1229 2762">
     <span class='ocr_line' id='line_1_18' title="bbox 192 2649 1229 2762; baseline 0.004 -50"><span class='ocrx_word' id='word_1_113' title='bbox 192 2653 242 2714; x_wconf 95' lang='grc'><strong>24.</strong></span> <span class='ocrx_word' id='word_1_114' title='bbox 264 2649 395 2714; x_wconf 86' lang='lat' dir='ltr'>Libni:’&#39;</span> <span class='ocrx_word' id='word_1_115' title='bbox 374 2651 518 2736; x_wconf 87' lang='grc' dir='ltr'><strong><em>αρσηντ</em></strong></span> <span class='ocrx_word' id='word_1_116' title='bbox 538 2652 694 2740; x_wconf 82' lang='grc' dir='ltr'><strong><em>Ὀρέστης,</em></strong></span> <span class='ocrx_word' id='word_1_117' title='bbox 717 2677 799 2734; x_wconf 89' lang='lat' dir='ltr'>neque</span> <span class='ocrx_word' id='word_1_118' title='bbox 816 2677 886 2762; x_wconf 86' lang='lat' dir='ltr'>opus</span> <span class='ocrx_word' id='word_1_119' title='bbox 908 2668 971 2730; x_wconf 90' lang='lat' dir='ltr'>erat,</span> <span class='ocrx_word' id='word_1_120' title='bbox 992 2667 1021 2717; x_wconf 91' lang='lat' dir='ltr'>nt</span> <span class='ocrx_word' id='word_1_121' title='bbox 1037 2659 1208 2716; x_wconf 86' lang='lat' dir='ltr'>Elrnsleius</span> <span class='ocrx_word' id='word_1_122' title='bbox 1201 2680 1229 2716; x_wconf 91' lang='grc' dir='ltr'>ιιι</span> 
     </span>
    </p>
   </div>
   <div class='ocr_carea' id='block_1_4' title="bbox 106 2736 1229 2883">
    <p class='ocr_par' dir='ltr' id='par_1_10' title="bbox 106 2736 1229 2883">
     <span class='ocr_line' id='line_1_19' title="bbox 107 2736 1229 2883; baseline 0.003 -86"><span class='ocrx_word' id='word_1_123' title='bbox 107 2759 216 2883; x_wconf 78' lang='lat' dir='ltr'>cepsura</span> <span class='ocrx_word' id='word_1_124' title='bbox 244 2740 305 2798; x_wconf 91' lang='lat' dir='ltr'>editi</span> <span class='ocrx_word' id='word_1_125' title='bbox 334 2759 349 2799; x_wconf 82' lang='lat' dir='ltr'>n</span> <span class='ocrx_word' id='word_1_126' title='bbox 376 2761 418 2801; x_wconf 86' lang='lat' dir='ltr'>me</span> <span class='ocrx_word' id='word_1_127' title='bbox 443 2743 524 2802; x_wconf 86' lang='lat' dir='ltr'>Herc.</span> <span class='ocrx_word' id='word_1_128' title='bbox 551 2745 604 2802; x_wconf 81' lang='lat' dir='ltr'>fur.</span> <span class='ocrx_word' id='word_1_129' title='bbox 632 2743 665 2800; x_wconf 90' lang='lat' dir='ltr'>ad</span> <span class='ocrx_word' id='word_1_130' title='bbox 691 2763 717 2804; x_wconf 86' lang='lat' dir='ltr'>v.</span> <span class='ocrx_word' id='word_1_131' title='bbox 741 2741 790 2804; x_wconf 78' lang='lat'>13.</span> <span class='ocrx_word' id='word_1_132' title='bbox 812 2736 963 2824; x_wconf 82' lang='grc' dir='ltr'><strong><em>ἀρσηνδ’</em></strong></span> <span class='ocrx_word' id='word_1_133' title='bbox 984 2739 1130 2826; x_wconf 82' lang='grc' dir='ltr'><strong><em>Ὀρέστης</em></strong></span> <span class='ocrx_word' id='word_1_134' title='bbox 1151 2747 1229 2801; x_wconf 81' lang='lat' dir='ltr'><strong>scribi</strong></span> 
     </span>
     <span class='ocr_line' id='line_1_20' title="bbox 106 2833 204 2883; baseline 0 -1"><span class='ocrx_word' id='word_1_135' title='bbox 106 2845 133 2883; x_wconf 88' lang='grc' dir='ltr'>ιιι</span> <span class='ocrx_word' id='word_1_136' title='bbox 151 2833 204 2882; x_wconf 91' lang='lat' dir='ltr'>eret</span> 
     </span>
    </p>
   </div>
   <div class='ocr_carea' id='block_1_5' title="bbox 106 2895 1231 3241">
    <p class='ocr_par' dir='ltr' id='par_1_11' title="bbox 108 2895 1231 3241">
     <span class='ocr_line' id='line_1_21' title="bbox 192 2895 1230 2992; baseline 0.002 -25"><span class='ocrx_word' id='word_1_137' title='bbox 192 2908 243 2968; x_wconf 87' lang='grc'><strong>26.</strong></span> <span class='ocrx_word' id='word_1_138' title='bbox 264 2909 326 2970; x_wconf 83' lang='lat' dir='ltr'>Ald.</span> <span class='ocrx_word' id='word_1_139' title='bbox 348 2918 375 2969; x_wconf 89' lang='lat' dir='ltr'>et</span> <span class='ocrx_word' id='word_1_140' title='bbox 395 2895 545 2970; x_wconf 78' lang='lat' dir='ltr'>Alexander</span> <span class='ocrx_word' id='word_1_141' title='bbox 565 2911 653 2970; x_wconf 87' lang='lat' dir='ltr'>rhetor</span> <span class='ocrx_word' id='word_1_142' title='bbox 672 2933 732 2992; x_wconf 85' lang='lat' dir='ltr'>pag.</span> <span class='ocrx_word' id='word_1_143' title='bbox 755 2907 827 2972; x_wconf 82' lang='lat'>579.</span> <span class='ocrx_word' id='word_1_144' title='bbox 854 2911 895 2972; x_wconf 91' lang='lat' dir='ltr'>ed.</span> <span class='ocrx_word' id='word_1_145' title='bbox 923 2911 985 2972; x_wconf 75' lang='lat' dir='ltr'>lli.</span> <span class='ocrx_word' id='word_1_146' title='bbox 1014 2918 1069 2972; x_wconf 85' lang='lat' dir='ltr'>sire</span> <span class='ocrx_word' id='word_1_147' title='bbox 1097 2913 1133 2972; x_wconf 90' lang='lat' dir='ltr'>T.</span> <span class='ocrx_word' id='word_1_148' title='bbox 1153 2911 1230 2970; x_wconf 84' lang='lat' dir='ltr'>Vlll.</span> 
     </span>
     <span class='ocr_line' id='line_1_22' title="bbox 106 2991 1230 3079; baseline 0.001 -27.044"><span class='ocrx_word' id='word_1_149' title='bbox 106 2991 226 3070; x_wconf 79' lang='lat' dir='ltr'>p..tbb</span> <span class='ocrx_word' id='word_1_150' title='bbox 248 2995 357 3066; x_wconf 87' lang='lat' dir='ltr'>Walzil,</span> <span class='ocrx_word' id='word_1_151' title='bbox 384 2992 549 3074; x_wconf 80' lang='grc' dir='ltr'><strong><em>παρθένον.</em></strong></span> <span class='ocrx_word' id='word_1_152' title='bbox 593 2997 673 3056; x_wconf 84' lang='grc' dir='ltr'><strong><em>ΜιιΙῐί</em></strong></span> <span class='ocrx_word' id='word_1_153' title='bbox 694 2997 769 3057; x_wconf 85' lang='lat' dir='ltr'><strong>codd.</strong></span> <span class='ocrx_word' id='word_1_154' title='bbox 791 2993 955 3079; x_wconf 81' lang='grc' dir='ltr'><strong><em>παρθένῳ,</em></strong></span> <span class='ocrx_word' id='word_1_155' title='bbox 984 2998 1051 3074; x_wconf 88' lang='lat' dir='ltr'>quod</span> <span class='ocrx_word' id='word_1_156' title='bbox 1080 2995 1230 3056; x_wconf 84' lang='lat' dir='ltr'>Brunchius</span> 
     </span>
     <span class='ocr_line' id='line_1_23' title="bbox 108 3079 1231 3178; baseline 0.004 -44"><span class='ocrx_word' id='word_1_157' title='bbox 108 3079 203 3154; x_wconf 90' lang='lat' dir='ltr'>aliique</span> <span class='ocrx_word' id='word_1_158' title='bbox 223 3087 384 3178; x_wconf 87' lang='lat' dir='ltr'>receperunt.</span> <span class='ocrx_word' id='word_1_159' title='bbox 426 3081 524 3138; x_wconf 84' lang='lat' dir='ltr'>Nescio</span> <span class='ocrx_word' id='word_1_160' title='bbox 546 3090 632 3140; x_wconf 90' lang='lat' dir='ltr'>utrum</span> <span class='ocrx_word' id='word_1_161' title='bbox 653 3083 839 3158; x_wconf 76' lang='lat' dir='ltr'>vituperandus</span> <span class='ocrx_word' id='word_1_162' title='bbox 860 3089 895 3140; x_wconf 88' lang='lat' dir='ltr'>sit</span> <span class='ocrx_word' id='word_1_163' title='bbox 915 3083 1068 3159; x_wconf 84' lang='lat' dir='ltr'>Euripides,</span> <span class='ocrx_word' id='word_1_164' title='bbox 1097 3083 1179 3159; x_wconf 92' lang='lat' dir='ltr'>quod,</span> <span class='ocrx_word' id='word_1_165' title='bbox 1200 3087 1231 3138; x_wconf 92' lang='lat' dir='ltr'>ut</span> 
     </span>
     <span class='ocr_line' id='line_1_24' title="bbox 109 3164 1230 3241; baseline 0.005 -24"><span class='ocrx_word' id='word_1_166' title='bbox 109 3164 188 3232; x_wconf 90' lang='lat' dir='ltr'>solet,</span> <span class='ocrx_word' id='word_1_167' title='bbox 219 3164 345 3238; x_wconf 79' lang='lat' dir='ltr'>virginem</span> <span class='ocrx_word' id='word_1_168' title='bbox 367 3166 511 3238; x_wconf 82' lang='lat' dir='ltr'>importune</span> <span class='ocrx_word' id='word_1_169' title='bbox 532 3165 702 3222; x_wconf 87' lang='lat' dir='ltr'>verecundam</span> <span class='ocrx_word' id='word_1_170' title='bbox 725 3167 822 3236; x_wconf 81' lang='lat' dir='ltr'>fecerit,</span> <span class='ocrx_word' id='word_1_171' title='bbox 843 3186 875 3223; x_wconf 88' lang='lat' dir='ltr'>au</span> <span class='ocrx_word' id='word_1_172' title='bbox 896 3167 1055 3237; x_wconf 87' lang='lat' dir='ltr'>landandus,</span> <span class='ocrx_word' id='word_1_173' title='bbox 1086 3165 1153 3241; x_wconf 90' lang='lat' dir='ltr'>quod</span> <span class='ocrx_word' id='word_1_174' title='bbox 1178 3185 1230 3222; x_wconf 92' lang='lat' dir='ltr'>mo·</span> 
     </span>
    </p>
   </div>
   <div class='ocr_carea' id='block_1_6' title="bbox 4 3245 1231 3350">
    <p class='ocr_par' dir='ltr' id='par_1_12' title="bbox 4 3245 1231 3350">
     <span class='ocr_line' id='line_1_25' title="bbox 4 3245 1231 3350; baseline 0.004 -47"><span class='ocrx_word' id='word_1_175' title='bbox 4 3287 6 3312; x_wconf 73' lang='lat'><strong>.</strong></span> <span class='ocrx_word' id='word_1_176' title='bbox 109 3265 151 3303; x_wconf 91' lang='lat' dir='ltr'>res</span> <span class='ocrx_word' id='word_1_177' title='bbox 156 3246 329 3350; x_wconf 81' lang='lat' dir='ltr'>virginalem</span> <span class='ocrx_word' id='word_1_178' title='bbox 356 3246 480 3322; x_wconf 89' lang='lat' dir='ltr'>pudorem</span> <span class='ocrx_word' id='word_1_179' title='bbox 504 3253 689 3306; x_wconf 82' lang='lat' dir='ltr'>ostentantium</span> <span class='ocrx_word' id='word_1_180' title='bbox 720 3246 886 3330; x_wconf 83' lang='grc' dir='ltr'><strong><em>παρθένων</em></strong></span> <span class='ocrx_word' id='word_1_181' title='bbox 915 3246 1035 3334; x_wconf 85' lang='grc' dir='ltr'><strong><em>μακρὸν</em></strong></span> <span class='ocrx_word' id='word_1_182' title='bbox 1063 3245 1144 3327; x_wconf 75' lang='grc' dir='ltr'>ἀὴρ</span> <span class='ocrx_word' id='word_1_183' title='bbox 1132 3251 1231 3327; x_wconf 84' lang='grc' dir='ltr'><strong><em>μῆκος</em></strong></span> 
     </span>
    </p>
   </div>
   <div class='ocr_carea' id='block_1_7' title="bbox 4 3324 1231 3920">
    <p class='ocr_par' dir='ltr' id='par_1_13' title="bbox 106 3324 495 3411">
     <span class='ocr_line' id='line_1_26' title="bbox 106 3324 495 3411; baseline -0.003 -22"><span class='ocrx_word' id='word_1_184' title='bbox 106 3324 219 3411; x_wconf 80' lang='grc' dir='ltr'><strong><em>χρόνου</em></strong></span> <span class='ocrx_word' id='word_1_185' title='bbox 241 3339 309 3388; x_wconf 87' lang='lat' dir='ltr'>recte</span> <span class='ocrx_word' id='word_1_186' title='bbox 331 3337 495 3407; x_wconf 80' lang='lat' dir='ltr'>expresserit.</span> 
     </span>
    </p>

    <p class='ocr_par' dir='ltr' id='par_1_14' title="bbox 4 3408 1230 3578">
     <span class='ocr_line' id='line_1_27' title="bbox 4 3408 1230 3497; baseline 0.004 -26"><span class='ocrx_word' id='word_1_187' title='bbox 4 3441 6 3484; x_wconf 85' lang='lat' dir='ltr'>t</span> <span class='ocrx_word' id='word_1_188' title='bbox 195 3412 245 3473; x_wconf 83' lang='grc'><strong>28.</strong></span> <span class='ocrx_word' id='word_1_189' title='bbox 276 3413 365 3473; x_wconf 91' lang='lat' dir='ltr'>Libri.</span> <span class='ocrx_word' id='word_1_190' title='bbox 400 3408 576 3492; x_wconf 77' lang='grc' dir='ltr'><strong><em>Φοίβουδ’</em></strong></span> <span class='ocrx_word' id='word_1_191' title='bbox 604 3409 725 3476; x_wconf 85' lang='grc' dir='ltr'><strong><em>ἀδικίαν</em></strong></span> <span class='ocrx_word' id='word_1_192' title='bbox 750 3412 806 3493; x_wconf 74' lang='grc' dir='ltr'>μὲν</span> <span class='ocrx_word' id='word_1_193' title='bbox 832 3413 864 3476; x_wconf 89' lang='grc' dir='ltr'>τί</span> <span class='ocrx_word' id='word_1_194' title='bbox 887 3413 936 3477; x_wconf 76' lang='grc' dir='ltr'>δεῖ</span> <span class='ocrx_word' id='word_1_195' title='bbox 953 3421 1145 3497; x_wconf 80' lang='grc' dir='ltr'><strong><em>κατηγορειν,</em></strong></span> <span class='ocrx_word' id='word_1_196' title='bbox 1178 3422 1230 3476; x_wconf 90' lang='lat' dir='ltr'>nisi</span> 
     </span>
     <span class='ocr_line' id='line_1_28' title="bbox 110 3494 1230 3581; baseline 0.004 -23"><span class='ocrx_word' id='word_1_197' title='bbox 110 3494 1117 3581; x_wconf 75' lang='lat' dir='ltr'>quodFlor.38.s’prod’habet,Flor.17.autemptdaornittit.</span> <span class='ocrx_word' id='word_1_198' title='bbox 1160 3502 1230 3562; x_wconf 82' lang='lat' dir='ltr'>Ante</span> 
     </span>
    </p>

    <p class='ocr_par' dir='ltr' id='par_1_15' title="bbox 4 3585 734 3664">
     <span class='ocr_line' id='line_1_29' title="bbox 4 3585 734 3664; baseline 0 -20"><span class='ocrx_word' id='word_1_199' title='bbox 4 3631 6 3644; x_wconf 78' lang='grc'><strong>.</strong></span> <span class='ocrx_word' id='word_1_200' title='bbox 111 3587 213 3662; x_wconf 80' lang='lat' dir='ltr'>Olymp.</span> <span class='ocrx_word' id='word_1_201' title='bbox 234 3585 391 3643; x_wconf 86' lang='lat' dir='ltr'>LXXXIX</span> <span class='ocrx_word' id='word_1_202' title='bbox 414 3589 561 3662; x_wconf 71' lang='lat' dir='ltr'>scripsisset</span> <span class='ocrx_word' id='word_1_203' title='bbox 582 3587 734 3664; x_wconf 84' lang='lat' dir='ltr'>Euripides.</span> 
     </span>
    </p>

    <p class='ocr_par' dir='ltr' id='par_1_16' title="bbox 4 3666 930 3756">
     <span class='ocr_line' id='line_1_30' title="bbox 4 3666 930 3756; baseline 0.007 -30"><span class='ocrx_word' id='word_1_204' title='bbox 4 3685 6 3740; x_wconf 53' lang='grc' dir='ltr'>ζ</span> <span class='ocrx_word' id='word_1_205' title='bbox 144 3731 146 3737; x_wconf 68' lang='grc'><strong><em>,</em></strong></span> <span class='ocrx_word' id='word_1_206' title='bbox 271 3667 390 3745; x_wconf 77' lang='grc' dir='ltr'><strong><em>Φοίβου</em></strong></span> <span class='ocrx_word' id='word_1_207' title='bbox 411 3666 467 3747; x_wconf 75' lang='grc' dir='ltr'>μὲν</span> <span class='ocrx_word' id='word_1_208' title='bbox 488 3666 608 3730; x_wconf 81' lang='grc' dir='ltr'><strong><em>ἀδικίαν</em></strong></span> <span class='ocrx_word' id='word_1_209' title='bbox 628 3669 661 3732; x_wconf 86' lang='grc' dir='ltr'>τί</span> <span class='ocrx_word' id='word_1_210' title='bbox 679 3670 728 3732; x_wconf 73' lang='grc' dir='ltr'>δεῖ</span> <span class='ocrx_word' id='word_1_211' title='bbox 743 3679 930 3756; x_wconf 77' lang='grc' dir='ltr'><strong><em>κατηγορεῖν,</em></strong></span> 
     </span>
    </p>

    <p class='ocr_par' dir='ltr' id='par_1_17' title="bbox 5 3754 1160 3834">
     <span class='ocr_line' id='line_1_31' title="bbox 5 3754 1160 3834; baseline 0.004 -26"><span class='ocrx_word' id='word_1_212' title='bbox 5 3791 6 3822; x_wconf 47' lang='lat' dir='ltr'>t</span> <span class='ocrx_word' id='word_1_213' title='bbox 110 3755 189 3810; x_wconf 87' lang='lat' dir='ltr'>vitato</span> <span class='ocrx_word' id='word_1_214' title='bbox 210 3756 293 3810; x_wconf 88' lang='lat' dir='ltr'>ictu&#39;</span> <span class='ocrx_word' id='word_1_215' title='bbox 285 3775 310 3812; x_wconf 91' lang='grc' dir='ltr'>ιιι</span> <span class='ocrx_word' id='word_1_216' title='bbox 333 3754 448 3814; x_wconf 90' lang='lat' dir='ltr'>secunda</span> <span class='ocrx_word' id='word_1_217' title='bbox 469 3759 569 3830; x_wconf 79' lang='lat' dir='ltr'>syllaba</span> <span class='ocrx_word' id='word_1_218' title='bbox 589 3760 707 3815; x_wconf 76' lang='lat' dir='ltr'>vocabuli</span> <span class='ocrx_word' id='word_1_219' title='bbox 728 3768 846 3833; x_wconf 84' lang='lat' dir='ltr'>quartum</span> <span class='ocrx_word' id='word_1_220' title='bbox 866 3778 991 3834; x_wconf 83' lang='lat' dir='ltr'>paeonem</span> <span class='ocrx_word' id='word_1_221' title='bbox 1013 3759 1160 3814; x_wconf 86' lang='lat' dir='ltr'>efficientis.</span> 
     </span>
    </p>

    <p class='ocr_par' dir='ltr' id='par_1_18' title="bbox 195 3836 1231 3920">
     <span class='ocr_line' id='line_1_32' title="bbox 195 3836 1231 3920; baseline 0.002 -26"><span class='ocrx_word' id='word_1_222' title='bbox 195 3836 246 3898; x_wconf 81' lang='lat'>30.</span> <span class='ocrx_word' id='word_1_223' title='bbox 274 3837 336 3897; x_wconf 79' lang='lat' dir='ltr'>Ald.</span> <span class='ocrx_word' id='word_1_224' title='bbox 359 3836 477 3920; x_wconf 80' lang='grc' dir='ltr'><strong><em>φέρων,</em></strong></span> <span class='ocrx_word' id='word_1_225' title='bbox 510 3841 578 3918; x_wconf 88' lang='lat' dir='ltr'>quod</span> <span class='ocrx_word' id='word_1_226' title='bbox 606 3842 767 3899; x_wconf 89' lang='lat' dir='ltr'>emendatum</span> <span class='ocrx_word' id='word_1_227' title='bbox 795 3849 836 3899; x_wconf 89' lang='lat' dir='ltr'>est</span> <span class='ocrx_word' id='word_1_228' title='bbox 862 3861 895 3899; x_wconf 80' lang='lat' dir='ltr'>ex</span> <span class='ocrx_word' id='word_1_229' title='bbox 922 3841 996 3900; x_wconf 91' lang='lat' dir='ltr'>codd.</span> <span class='ocrx_word' id='word_1_230' title='bbox 1019 3845 1117 3917; x_wconf 88' lang='lat' dir='ltr'>quibus&#39;</span> <span class='ocrx_word' id='word_1_231' title='bbox 1134 3839 1231 3897; x_wconf 80' lang='lat' dir='ltr'>secedit</span> 
     </span>
    </p>
   </div>
   <div class='ocr_carea' id='block_1_8' title="bbox 5 3919 1230 4110">
    <p class='ocr_par' dir='ltr' id='par_1_19' title="bbox 5 3919 1230 4086">
     <span class='ocr_line' id='line_1_33' title="bbox 5 3919 1230 4006; baseline 0.003 -29"><span class='ocrx_word' id='word_1_232' title='bbox 5 3961 6 3996; x_wconf 58' lang='grc' dir='ltr'><strong><em>η</em></strong></span> <span class='ocrx_word' id='word_1_233' title='bbox 112 3941 144 3978; x_wconf 83' lang='lat' dir='ltr'>ex</span> <span class='ocrx_word' id='word_1_234' title='bbox 165 3927 323 3981; x_wconf 90' lang='lat' dir='ltr'>correctione</span> <span class='ocrx_word' id='word_1_235' title='bbox 343 3925 457 3984; x_wconf 89' lang='lat' dir='ltr'>Ven.a.</span> <span class='ocrx_word' id='word_1_236' title='bbox 498 3927 540 3984; x_wconf 88' lang='lat' dir='ltr'>De</span> <span class='ocrx_word' id='word_1_237' title='bbox 560 3927 692 3983; x_wconf 89' lang='lat' dir='ltr'>locutione</span> <span class='ocrx_word' id='word_1_238' title='bbox 714 3921 816 4005; x_wconf 77' lang='grc' dir='ltr'><strong><em>φέρειν</em></strong></span> <span class='ocrx_word' id='word_1_239' title='bbox 838 3919 973 3984; x_wconf 76' lang='lat' dir='ltr'>ei&#39;nleeav</span> <span class='ocrx_word' id='word_1_240' title='bbox 993 3919 1071 4006; x_wconf 81' lang='grc' dir='ltr'><strong><em>πρὸς</em></strong></span> <span class='ocrx_word' id='word_1_241' title='bbox 1093 3919 1230 3994; x_wconf 79' lang='grc' dir='ltr'><strong><em>ἅπαντας</em></strong></span> 
     </span>
     <span class='ocr_line' id='line_1_34' title="bbox 5 4002 1230 4110; baseline -0.001 -44"><span class='ocrx_word' id='word_1_242' title='bbox 5 4061 6 4066; x_wconf 73' lang='grc'>,</span> <span class='ocrx_word' id='word_1_243' title='bbox 112 4005 232 4063; x_wconf 89' lang='lat' dir='ltr'>dubitans</span> <span class='ocrx_word' id='word_1_244' title='bbox 253 4007 380 4066; x_wconf 86' lang='lat' dir='ltr'>Matthiae</span> <span class='ocrx_word' id='word_1_245' title='bbox 399 4015 535 4110; x_wconf 78' lang='lat' dir='ltr'>scriptpm</span> <span class='ocrx_word' id='word_1_246' title='bbox 558 4011 738 4086; x_wconf 88' lang='lat' dir='ltr'>suspicabatur</span> <span class='ocrx_word' id='word_1_247' title='bbox 763 4003 840 4085; x_wconf 84' lang='grc' dir='ltr'><strong><em>πρὸς</em></strong></span> <span class='ocrx_word' id='word_1_248' title='bbox 867 4005 924 4087; x_wconf 79' lang='grc' dir='ltr'>οὐχ</span> <span class='ocrx_word' id='word_1_249' title='bbox 944 4002 1088 4080; x_wconf 81' lang='grc' dir='ltr'><strong><em>ἅπαντας.</em></strong></span> <span class='ocrx_word' id='word_1_250' title='bbox 1130 4008 1160 4068; x_wconf 94' lang='lat' dir='ltr'>ld</span> <span class='ocrx_word' id='word_1_251' title='bbox 1183 4028 1230 4085; x_wconf 84' lang='lat' dir='ltr'>ego</span> 
     </span>
    </p>
   </div>
   <div class='ocr_carea' id='block_1_9' title="bbox 112 4087 1232 4677">
    <p class='ocr_par' dir='ltr' id='par_1_20' title="bbox 112 4087 1231 4336">
     <span class='ocr_line' id='line_1_35' title="bbox 112 4087 1231 4196; baseline 0.001 -48"><span class='ocrx_word' id='word_1_252' title='bbox 112 4089 211 4166; x_wconf 90' lang='lat' dir='ltr'>quidem</span> <span class='ocrx_word' id='word_1_253' title='bbox 244 4092 320 4149; x_wconf 88' lang='lat' dir='ltr'>eredo</span> <span class='ocrx_word' id='word_1_254' title='bbox 352 4088 429 4171; x_wconf 85' lang='grc' dir='ltr'><strong><em>πρὸς</em></strong></span> <span class='ocrx_word' id='word_1_255' title='bbox 461 4087 527 4169; x_wconf 76' lang='grc' dir='ltr'><strong><em>οὐχί</em></strong></span> <span class='ocrx_word' id='word_1_256' title='bbox 559 4088 673 4163; x_wconf 80' lang='grc' dir='ltr'><strong><em>παντὸς</em></strong></span> <span class='ocrx_word' id='word_1_257' title='bbox 705 4092 756 4150; x_wconf 89' lang='lat' dir='ltr'>dici</span> <span class='ocrx_word' id='word_1_258' title='bbox 787 4093 917 4154; x_wconf 88' lang='lat' dir='ltr'>debuisse.</span> <span class='ocrx_word' id='word_1_259' title='bbox 965 4093 1034 4152; x_wconf 87' lang='lat' dir='ltr'>Nam</span> <span class='ocrx_word' id='word_1_260' title='bbox 1069 4089 1144 4196; x_wconf 75' lang='grc' dir='ltr'><strong><em>ρρὸς</em></strong></span> <span class='ocrx_word' id='word_1_261' title='bbox 1175 4089 1231 4168; x_wconf 80' lang='grc' dir='ltr'>οὐχ</span> 
     </span>
     <span class='ocr_line' id='line_1_36' title="bbox 112 4169 1231 4258; baseline 0 -25"><span class='ocrx_word' id='word_1_262' title='bbox 112 4169 246 4245; x_wconf 73' lang='grc' dir='ltr'><strong><em>ἅπαντας</em></strong></span> <span class='ocrx_word' id='word_1_263' title='bbox 266 4185 306 4233; x_wconf 83' lang='lat' dir='ltr'>est</span> <span class='ocrx_word' id='word_1_264' title='bbox 326 4195 383 4236; x_wconf 78' lang='lat' dir='ltr'>aon</span> <span class='ocrx_word' id='word_1_265' title='bbox 405 4181 441 4237; x_wconf 87' lang='lat' dir='ltr'>ob</span> <span class='ocrx_word' id='word_1_266' title='bbox 461 4197 518 4236; x_wconf 84' lang='grc' dir='ltr'>ααο</span> <span class='ocrx_word' id='word_1_267' title='bbox 539 4181 648 4237; x_wconf 82' lang='lat' dir='ltr'>bomine</span> <span class='ocrx_word' id='word_1_268' title='bbox 668 4187 733 4237; x_wconf 88' lang='lat' dir='ltr'>tcto.</span> <span class='ocrx_word' id='word_1_269' title='bbox 775 4173 910 4258; x_wconf 76' lang='grc' dir='ltr'>Πρὸςι</span> <span class='ocrx_word' id='word_1_270' title='bbox 891 4199 1028 4249; x_wconf 83' lang='grc' dir='ltr'><strong><em>απαντας</em></strong></span> <span class='ocrx_word' id='word_1_271' title='bbox 1055 4173 1169 4248; x_wconf 78' lang='grc' dir='ltr'><strong><em>ιάκλιις</em></strong></span> <span class='ocrx_word' id='word_1_272' title='bbox 1192 4178 1231 4234; x_wconf 81' lang='lat' dir='ltr'>tlt-</span> 
     </span>
     <span class='ocr_line' id='line_1_37' title="bbox 113 4259 799 4336; baseline 0.004 -18"><span class='ocrx_word' id='word_1_273' title='bbox 113 4263 179 4318; x_wconf 89' lang='lat' dir='ltr'>citur</span> <span class='ocrx_word' id='word_1_274' title='bbox 198 4259 267 4336; x_wconf 90' lang='lat' dir='ltr'>quod</span> <span class='ocrx_word' id='word_1_275' title='bbox 287 4261 396 4319; x_wconf 85' lang='lat' dir='ltr'>relatum</span> <span class='ocrx_word' id='word_1_276' title='bbox 419 4262 452 4320; x_wconf 87' lang='lat' dir='ltr'>ad</span> <span class='ocrx_word' id='word_1_277' title='bbox 473 4269 580 4321; x_wconf 86' lang='lat' dir='ltr'>cunctos</span> <span class='ocrx_word' id='word_1_278' title='bbox 602 4263 728 4321; x_wconf 81' lang='lat' dir='ltr'>laudabile</span> <span class='ocrx_word' id='word_1_279' title='bbox 750 4273 799 4322; x_wconf 89' lang='lat' dir='ltr'>est.</span> 
     </span>
    </p>

    <p class='ocr_par' dir='ltr' id='par_1_21' title="bbox 113 4344 1232 4677">
     <span class='ocr_line' id='line_1_38' title="bbox 196 4344 1232 4425; baseline 0 -23"><span class='ocrx_word' id='word_1_280' title='bbox 196 4344 247 4404; x_wconf 82' lang='lat'>31.</span> <span class='ocrx_word' id='word_1_281' title='bbox 274 4344 380 4403; x_wconf 79' lang='lat' dir='ltr'>Falsum</span> <span class='ocrx_word' id='word_1_282' title='bbox 407 4351 552 4425; x_wconf 88' lang='lat' dir='ltr'>opinionem</span> <span class='ocrx_word' id='word_1_283' title='bbox 580 4350 651 4419; x_wconf 90' lang='lat' dir='ltr'>eins,</span> <span class='ocrx_word' id='word_1_284' title='bbox 686 4351 778 4423; x_wconf 90' lang='lat' dir='ltr'>quiin</span> <span class='ocrx_word' id='word_1_285' title='bbox 801 4353 916 4406; x_wconf 87' lang='lat' dir='ltr'>censuris</span> <span class='ocrx_word' id='word_1_286' title='bbox 937 4347 1121 4406; x_wconf 86' lang='lat' dir='ltr'>Britannomrn</span> <span class='ocrx_word' id='word_1_287' title='bbox 1143 4350 1232 4404; x_wconf 91' lang='lat' dir='ltr'>trime-</span> 
     </span>
     <span class='ocr_line' id='line_1_39' title="bbox 113 4425 1232 4510; baseline 0.004 -24"><span class='ocrx_word' id='word_1_288' title='bbox 113 4433 208 4488; x_wconf 87' lang='lat' dir='ltr'>sttibus</span> <span class='ocrx_word' id='word_1_289' title='bbox 230 4431 296 4488; x_wconf 82' lang='lat' dir='ltr'>fasc.</span> <span class='ocrx_word' id='word_1_290' title='bbox 317 4431 419 4490; x_wconf 89' lang='lat' dir='ltr'>XVlll.</span> <span class='ocrx_word' id='word_1_291' title='bbox 440 4453 466 4508; x_wconf 90' lang='lat' dir='ltr'>p.</span> <span class='ocrx_word' id='word_1_292' title='bbox 483 4427 599 4493; x_wconf 50' lang='lat'>³632</span> <span class='ocrx_word' id='word_1_293' title='bbox 581 4425 752 4510; x_wconf 82' lang='grc' dir='ltr'><strong><em>αιιιστήσας</em></strong></span> <span class='ocrx_word' id='word_1_294' title='bbox 773 4433 934 4491; x_wconf 87' lang='lat' dir='ltr'>scribendum</span> <span class='ocrx_word' id='word_1_295' title='bbox 957 4436 1085 4502; x_wconf 85' lang='lat' dir='ltr'>censebat,</span> <span class='ocrx_word' id='word_1_296' title='bbox 1106 4435 1171 4490; x_wconf 87' lang='lat' dir='ltr'>satis</span> <span class='ocrx_word' id='word_1_297' title='bbox 1192 4453 1232 4490; x_wconf 89' lang='lat' dir='ltr'>re·</span> 
     </span>
     <span class='ocr_line' id='line_1_40' title="bbox 113 4511 1232 4597; baseline 0.003 -25"><span class='ocrx_word' id='word_1_298' title='bbox 113 4517 206 4573; x_wconf 80' lang='lat' dir='ltr'>tutavit</span> <span class='ocrx_word' id='word_1_299' title='bbox 232 4514 360 4574; x_wconf 83' lang='lat' dir='ltr'>Matthiae</span> <span class='ocrx_word' id='word_1_300' title='bbox 392 4535 469 4576; x_wconf 84' lang='lat' dir='ltr'>versu</span> <span class='ocrx_word' id='word_1_301' title='bbox 496 4513 700 4597; x_wconf 83' lang='lat' dir='ltr'>Agamemnonis</span> <span class='ocrx_word' id='word_1_302' title='bbox 723 4515 814 4578; x_wconf 79' lang='lat'>1058.</span> <span class='ocrx_word' id='word_1_303' title='bbox 848 4513 956 4578; x_wconf 82' lang='grc' dir='ltr'><strong><em>ιιιίθοί</em></strong></span> <span class='ocrx_word' id='word_1_304' title='bbox 981 4513 1019 4578; x_wconf 79' lang='grc' dir='ltr'>ἀν</span> <span class='ocrx_word' id='word_1_305' title='bbox 1048 4516 1074 4576; x_wconf 78' lang='grc' dir='ltr'>εἰ</span> <span class='ocrx_word' id='word_1_306' title='bbox 1103 4511 1232 4576; x_wconf 80' lang='grc' dir='ltr'><strong><em>πείθ·’·οι</em></strong></span> 
     </span>
     <span class='ocr_line' id='line_1_41' title="bbox 113 4593 1025 4677; baseline 0.003 -17"><span class='ocrx_word' id='word_1_307' title='bbox 113 4593 357 4677; x_wconf 76' lang='grc' dir='ltr'>ἀπειθοίηςάΗ</span> <span class='ocrx_word' id='word_1_308' title='bbox 348 4598 430 4672; x_wconf 83' lang='grc' dir='ltr'><strong><em>ίσως.</em></strong></span> <span class='ocrx_word' id='word_1_309' title='bbox 1023 4623 1025 4632; x_wconf 92' lang='grc'><em>·</em></span> 
     </span>
    </p>
   </div>
   <div class='ocr_carea' id='block_1_10' title="bbox 0 0 1514 5128">
    <p class='ocr_par' dir='ltr' id='par_1_22' title="bbox 0 0 1514 5128">
     <span class='ocr_line' id='line_1_42' title="bbox 0 0 1514 5128; baseline 0 0"><span class='ocrx_word' id='word_1_310' title='bbox 0 0 1514 5128; x_wconf 95' lang='lat' dir='ltr'> </span> 
     </span>
    </p>
   </div>
  </div>
 </body>
</html>
