3022 5140
812 295 837 364 8

273 475 365 568 ε’μοῦ
391 474 555 576 πέφυκεν
579 473 602 569 ἢ
627 471 819 578 γενήσεταί
844 502 949 561 ποτε,

273 599 353 694 ἥτις
377 596 488 677 πόσιν
512 597 582 697 μὲν
598 599 782 699 Ἕκτορέ
766 598 1009 695 ἐξἈχιλλίως

257 701 439 800 θανιίντ
464 723 620 820 ἐςεῖιλον,
646 719 871 800 τιαῖιλοίθΗ
860 725 905 799 dn
928 723 1041 799 τίκτω
1068 721 1171 799 πόσει

227 849 460 949 ιηριφθέντα
486 847 641 953 πύργων
661 845 906 924 Ἀστυάνακτ’
934 849 1002 922 ἀπ’
1030 848 1186 949 ὀρθίων,

276 973 353 1049 ἐπεὶ
376 975 419 1050 τὸ
448 973 581 1073 Τροίας
606 973 704 1050 εἶλον
720 974 886 1068 Ἕλληνες
909 972 1033 1061 πὲιλον,

276 1098 370 1194 αὐτὴ
396 1099 437 1176 66
461 1097 593 1194 ιλούλη,
618 1091 696 1175 τῶν
718 1095 1026 1198 ἑλενθερωτοίτων

277 1228 392 1300 οἴκων
417 1223 642 1323 νομιοθεῖσ’,
663 1224 810 1300 Ἑλλάδ’
833 1220 1086 1323 ελςαφικόμην,

277 1356 331 1448 τῷ
354 1351 516 1448 νησιώτῃ
539 1349 782 1451 Νεοπτολέμῳ
808 1347 918 1449 δορὸς
941 1348 1052 1452 γε’ρας

229 1473 437 1560 15ιλοθεῖοα
462 1475 559 1560 λείας
588 1481 754 1575 Τρωϊκῆς
778 1473 973 1574 ἐξαίρετον.

281 1599 409 1684 Φθίας
434 1599 475 1676 66
499 1600 605 1698 τῆςιλε
631 1601 694 1676 καὶ
719 1597 857 1685 πόλεως
882 1598 1100 1697 Φαρσαλίας

280 1723 467 1827 ούγχορτα
494 1726 589 1801 ναίω
615 1725 726 1813 πεδί’,
751 1726 804 1801 ἵν’
829 1724 852 1820 6
878 1723 1069 1799 θαλασσία

280 1855 400 1944 Πηλεῖ
425 1849 579 1952 ξυνῴκει
600 1849 717 1950 χωρὶς
742 1846 959 1950 ἀνθρώπων
987 1849 1100 1936 Θίτις,
1170 1857 1172 1864 ’

281 1973 463 2078 φεύγοντ’
491 1976 636 2074 ὅμιλον·
672 1975 855 2059 Θεσσαλὸς
879 1975 924 2052 66
945 2002 1007 2052 νιν
1032 1973 1120 2057 λεαλς

281 2308 418 2372 videns'¹
398 2338 417 2392 η
438 2308 587 2396 γενήσεταί
606 2337 675 2377 ποτε
695 2315 796 2374 reierri
818 2313 855 2373 ad
875 2311 1012 2392 πέφυκεν.
1055 2310 1129 2372 lllud
1150 2332 1217 2372 vero
1239 2312 1305 2395 quid
1326 2334 1388 2375 esse
1447 2318 1449 2322 ’

282 2397 424 2470 dicamus,
450 2397 526 2476 quod
545 2397 630 2477 Pllng
631 2399 708 2456 lio
700 2419 728 2457 m
750 2409 871 2456 mentem
893 2399 980 2470 venit,
1004 2396 1075 2476 ἐμοῦ
1096 2416 1133 2455 ex
1154 2391 1224 2476 ίίλλη
1246 2395 1388 2477 pendere?

374 2513 425 2576 10.
476 2513 546 2574 Par.
585 2513 625 2574 A.
657 2514 752 2574 Havn.
783 2513 868 2574 Laso.
901 2513 1030 2595 ριφὲντα.
1087 2513 1200 2572 Caetcri
1235 2512 1389 2595 megara,

284 2615 365 2675 qnam
389 2597 576 2671 formamus
598 2618 654 2678 qna
672 2597 732 2657 dixi
753 2597 789 2658 ad
805 2597 918 2657 Haculr.
934 2599 1039 2660 333
1031 2619 1059 2656 ιο
1076 2599 1166 2678 primo
1182 2595 1253 2676 pede
1270 2599 1391 2658 trimetri

283 2680 497 2760 praeferendam
526 2681 659 2741 arbitror.
710 2677 940 2740 crudelissimam
962 2699 1060 2740 necem
1081 2681 1264 2760 Astyanactis
1285 2683 1391 2762 ambigi

284 2775 386 2862 potest·
402 2775 495 2822 utrum
516 2774 622 2863 poetae
649 2764 751 2844 cyclici
772 2783 809 2824 ex
830 2765 950 2823 Homeri
971 2764 1101 2823 versibus
1120 2765 1323 2837 confinxerint,
1354 2785 1390 2825 an

283 2847 439 2926 respiciens
466 2848 607 2926 antiquius
636 2845 750 2927 aliquod
779 2866 892 2906 carmen
914 2847 1056 2906 Homerus
1082 2846 1165 2906 lliad.
1183 2835 1298 2910 XXIV.
1316 2850 1388 2912 732.

284 2929 355 2988 haec
376 2928 515 2989 dicentem
539 2931 641 2988 iecerit
659 2929 905 2990 Andromacham:

680 3023 766 3092 οὐδ’
790 3019 844 3106 αὖ,
865 3026 961 3104 τέκος,
981 3023 1141 3109 6602’
1106 3033 1180 3114 αοτχῖ

410 3111 510 3190 ἕψεαι,
532 3111 607 3175 ἔνθα
627 3133 676 3174 κεν
670 3111 766 3215 ἔργα
787 3077 883 3174 ἆειίιία
904 3107 1043 3216 ἐργάζοιο,

410 3191 560 3258 ἀεθλεύων
576 3190 638 3302 666
659 3191 781 3269 ίίνακτος
803 3192 997 3300 ἀμειλίχου,
984 3221 1004 3276 η
1025 3219 1069 3269 τις
1075 3192 1210 3300 Ἀχαιαλν

410 3279 492 3382 ῥίψει
511 3273 611 3384 χειρὸς
625 3277 733 3342 ἕλῶν’
717 3275 774 3342 omi
797 3277 927 3386 πύρχον,
949 3275 1055 3384 λυγρὸν
1075 3275 1209 3360 ὄλεθρον,

408 3360 616 3472 χωόμενος,”
587 3387 610 3423 ω
598 3354 728 3444 λήιτον
749 3359 891 3442 οἰιλελφεὸν
912 3363 1027 3426 ἔκτανεν
1038 3360 1164 3442 Ἕκτωρ,

408 3442 562 3528 ητατίρᾎ
583 3444 619 3527 66
639 3471 689 3508 και
709 3443 782 3509 νίόν.

376 3553 427 3616 14.
478 3552 567 3613 Errat
592 3553 760 3634 Pllugkius‚
796 3549 939 3634 νησιώτην
962 3573 1069 3632 negans
1095 3574 1157 3612 cnm
1182 3551 1301 3632 quodam
1326 3573 1394 3611 con-

260 3639 261 3644 ’
285 3646 391 3714 tempto
420 3635 496 3708 dici,
530 3638 558 3696 in
589 3657 670 3716 quam
694 3657 753 3696 rem
781 3649 811 3698 et
828 3637 917 3716 Musg
918 3638 1011 3697 ravius
1033 3635 1203 3696 Dorvillinm
1225 3635 1260 3694 ad
1282 3635 1392 3696 Charit.

287 3738 316 3800 p.
339 3721 412 3782 558.
445 3680 529 3794 (541.
560 3718 606 3780 cd.
638 3719 768 3800 Lips')
760 3741 820 3800 rpse
849 3721 942 3782 'autem
972 3719 1168 3796 Miillerum
1160 3740 1189 3778 tn
1217 3717 1291 3798 Aeg'
1265 3720 1394 3778 erneticis

270 3822 316 3881 p.
336 3803 406 3866 193.
431 3804 538 3863 citavit.
586 3803 662 3867 Nam
692 3805 746 3864 etsi
766 3803 1004 3884 Neoptolemum,
1036 3813 1068 3862 ut
1088 3824 1140 3884 par
1160 3814 1221 3875 est,
1231 3805 1315 3861 οολίι
1334 3801 1395 3861 An-

288 3882 458 3958 dromacha,
487 3897 579 3948 tamen
609 3909 693 3968 quum
723 3908 786 3950 seso
807 3889 946 3968 gloriatur
971 3891 1030 3949 τῶν
1050 3847 1287 3968 ἒλευθερωτίίτων
1308 3887 1396 3948 οίκων
1501 3937 1502 3940 .

288 3969 410 4028 habitam
432 3990 506 4042 esse,
530 3972 621 4070 impap
640 3971 694 4031 sibi
716 3972 885 4051 connubium
908 3991 971 4030 cum
993 3970 1122 4030 insulano
1139 3971 1291 4048 contigisse
1307 3971 1396 4050 signi·
1501 4045 1502 4048 χ

289 4053 365 4112 licat
408 4052 547 4116 Aliter
524 4075 584 4114 stne
606 4057 681 4114 insta
702 4075 802 4115 caussa
824 4052 949 4114 additum
973 4065 1049 4114 esset
1067 4059 1108 4140 τῷ
1128 4050 1262 4140 νησιῶτχ.

380 4162 430 4220 17.
481 4161 655 4222 scholiastes
684 4161 720 4222 ad
747 4160 830 4222 lliad.
861 4161 917 4221 Xl.
942 4161 1016 4224 774.
1037 4156 1143 4266 χόρτοι
1171 4159 1255 4224 δὲ
1224 4185 1254 4224 οι
1253 4160 1397 4265 τριγχοί,

291 4241 442 4321 (Didymus
469 4246 611 4326 τροχαλοί)
641 4241 682 4318 ὥς
707 4245 757 4308 nol
785 4241 951 4326 Εὐριπίδης
978 4243 1010 4306 ἐν
1037 4240 1189 4332 Ἀντιόπη·
1214 4240 1399 4326 οιίγχορτα

289 4325 383 4386 ναίω
411 4330 517 4391 πεδία
542 4351 625 4402 ταις
655 4325 910 4407 ΗΕλεαθέραις
941 4329 990 4401 (ir.
1013 4329 1067 4388 lx.
1099 4329 1135 4390 de
1164 4349 1219 4430 quo
1247 4327 1399 4406 disputavit

291 4407 328 4466 0.
352 4408 531 4472 Milllerns'
524 4434 552 4471 m
574 4413 709 4491 Aeginet.
741 4433 769 4493 p.
762 4415 830 4484 .7.)
859 4410 910 4473 καλ
930 4409 962 4474 ἕν
978 4407 1160 4498 Ἀνδρομάχη
1181 4407 1296 4489 ὁμοίως

381 4511 431 4571 19.
483 4513 561 4572 Flor.
595 4511 632 4571 A.
663 4512 712 4575 to
745 4513 796 4575 15.
829 4509 897 4571 Par.
930 4511 966 4572 B.
1002 4507 1147 4584 Θεσσαλὸς
1180 4505 1251 4583 λαὸς
1283 4506 1316 4571 66
1344 4529 1398 4569 νιν.
