2974 5138
656 251 705 306 Vll

118 417 227 492 tudinis
248 419 551 518 interpellationes
572 419 814 516 languidiorem
837 424 1068 501 reddidissent.
1119 427 1228 502 Deui-

54 548 63 663 p
113 563 298 636 qucquam
327 538 396 612 iam
420 539 516 636 prelo
541 535 722 611 traditurus
748 564 855 614 essem
888 545 1028 638 librum,
1064 546 1162 619 etiam
1185 546 1228 620 F.

53 666 64 771 Ξ
111 658 148 730 V.
169 655 398 732 Fritzschius
424 679 516 728 suam
545 653 586 728 du
618 655 744 754 aliquot
769 659 854 733 locis
879 664 1073 736 senteutiam
1098 689 1225 737 mecum

53 782 61 861 l
112 776 389 850 couunicauitr
414 772 500 848 unde
513 771 612 846 huius
627 797 755 872 quoque
770 776 860 852 laeta
876 782 1075 855 estnrentio.
1126 782 1225 856 Utri-

112 921 166 991 que
184 895 303 968 amico
331 899 486 967 testatam
509 891 586 964 volo
611 892 764 987 gratiam.

198 1011 246 1084 In
266 1011 388 1085 metris
404 1010 460 1107 qui
476 1012 594 1105 longos
611 1033 725 1083 versus
740 1022 863 1106 amant,
889 1014 1120 1112 discerptaque
1135 1015 1223 1090 iuter

49 1220 52 1239 Ι
111 1130 184 1202 duos
222 1151 347 1202 uersus
382 1129 481 1202 uerha
513 1125 710 1220 lormidaut,
742 1130 968 1224 meminerint,
1002 1132 1089 1230 quod
1121 1157 1220 1232 saepe

45 1292 52 1339 3
108 1250 194 1342 dini,
222 1272 341 1344 meque
363 1247 493 1338 omnia,
513 1269 597 1344 quae
619 1269 685 1318 una
706 1249 835 1320 numeri
854 1249 1075 1347 perpetuitate
1096 1250 1219 1324 cohae-

44 1369 47 1482 ί
107 1377 189 1460 rent,
216 1367 326 1439 etiam
352 1389 448 1438 uersu
473 1389 539 1436 uuo
563 1387 625 1462 per
644 1363 838 1460 paginarum
858 1367 966 1464 spatia
985 1368 1219 1466 comprehendi

105 1511 222 1582 posse,
261 1491 300 1557 et
324 1484 432 1556 iustae
455 1482 646 1555 recitationi
671 1482 905 1558 consulendum
936 1485 1039 1558 luisse
1062 1485 1218 1558 membris

106 1627 322 1676 numerorum
348 1599 552 1698 separandis.
602 1597 759 1672 Praestat
784 1601 888 1694 enim,
916 1603 1081 1699 legentem
1105 1603 1217 1674 statim

107 1723 271 1795 urovitme
293 1720 525 1810 membrorum,
549 1742 612 1815 quo
631 1717 728 1790 modo
752 1718 829 1816 quid
848 1719 1052 1793 recitandum
1071 1720 1128 1810 sit,
1154 1719 1217 1792 ad·

41 1829 42 1842 ¹
107 1841 248 1931 moneri,
269 1861 369 1935 quam
389 1838 585 1912 titubantem
605 1836 783 1930 haesitare,
805 1837 1075 1935 excidentemque
1097 1845 1214 1934 coepto

39 1965 40 1968 ’
106 1981 246 2032 numeru
265 1963 447 2048 reuertere,
467 1962 503 2027 ut
519 1977 693 2052 perperam
712 1956 932 2054 pronunciata
948 1965 1039 2030 recte
1055 1955 1215 2052 proferat.

207 2074 266 2148 De
298 2082 446 2170 tempore
479 2097 543 2169 quo
576 2081 651 2146 acta
682 2073 727 2146 sit
758 2073 890 2147 Helena
920 2073 1086 2148 Matthiae
1117 2072 1214 2144 nihil.

35 2183 36 2204 ¹
106 2192 288 2289 Plluglrius
310 2215 388 2263 reru
412 2190 527 2264 nescio
552 2190 629 2287 quid
655 2194 690 2263 in
717 2191 901 2268 Theonoae
927 2217 999 2266 cum
1021 2191 1157 2266 'Helena
1181 2197 1216 2262 et

106 2309 267 2382 Menelao
287 2308 555 2382 confabulatione
575 2309 641 2382 sihi
665 2309 755 2382 meus
776 2319 827 2384 est
843 2311 1005 2402 invenire,
1031 2309 1116 2408 qood
1133 2333 1214 2407 spe·

109 2434 220 2500 ctaret
249 2426 289 2498 ud
322 2450 362 2501 ea
388 2450 471 2524 quae
497 2426 585 2500 iuter
607 2425 831 2500 Athenienses
861 2436 895 2501 et
925 2426 1212 2500 Lacedaemonios

31 2645 32 2648 Ἴ
109 2551 187 2618 acta
219 2551 292 2618 'suut
323 2567 408 2641 paee
437 2543 527 2618 iacta
551 2542 689 2642 Olymp.
715 2543 929 2618 LXXXIV.
954 2540 993 2616 4.
1026 2543 1212 2641 dequibus

31 2655 32 2658 ’
108 2665 205 2736 affert
227 2663 328 2736 uerba
344 2660 553 2758 Thucydidis
576 2660 622 2736 V.
640 2662 703 2737 39.
721 2659 911 2764 ἐγίγνοντο
933 2657 1007 2763 γὰρ
1023 2659 1088 2740 ,ἀεὶ
1109 2655 1212 2763 λόγοι

106 2784 180 2861 τοῖς
212 2806 252 2854 τε
279 2775 492 2872 Ἀθηναίας
515 2777 680 2862 καὶτοῖς
704 2777 1018 2877 Λακεδαιμονίοις
1042 2778 1125 2878 περὶ
1155 2773 1212 2854 ὧν

106 2897 206 2991 εἶχον
232 2892 411 2990 ἀλλήλων.
461 2897 598 2996 Ineptus
623 2900 840 2974 recoluisset
863 2897 1056 2998 Euripides,
1080 2898 1212 2996 siquae

105 3017 176 3113 ipse
193 3015 235 3090 de
251 3015 467 3090 custodienda
481 3015 711 3114 reddendaque
724 3019 862 3092 muliere
878 3019 1051 3116 loquentes
1064 3016 1211 3109 lecisset,

106 3135 145 3206 ah
161 3133 424 3208 AtheniensiBus
449 3133 490 3208 ad
513 3135 647 3233 oppida,
673 3161 757 3234 quae
782 3138 818 3208 iu
840 3160 901 3210 sua
924 3133 1212 3209 Laeedaemouio·

106 3275 241 3348 rumque
266 3259 432 3350 potestate
454 3261 584 3344 essent,
617 3254 736 3328 referri
769 3260 938 3352 putasset3
973 3252 1079 3348 inepti
1111 3251 1211 3324 etiam

106 3369 347 3462 Athenienses,
387 3371 417 3442 si
447 3372 512 3443 isto
551 3371 612 3442 illa
652 3373 793 3444 consilio
829 3371 919 3444 dicta
953 3369 1210 3444 existimassent.

108 3484 193 3576 Quid
224 3513 305 3562 uero
333 3489 494 3563 attiuehat
519 3489 699 3582 hariolari,
738 3491 796 3562 uhi
821 3489 1010 3564 testimonia
1035 3489 1210 3561 exstabant

103 3603 390 3680 luculentissima?
446 3604 656 3682 Scholiastes
695 3607 736 3682 ad
773 3607 980 3705 Thesmoph.
1024 3607 1135 3696 1012.
1166 3605 1209 3678 de

101 3722 332 3818 Andromeda:
381 3723 671 3800 ovvdsdtdamm
696 3722 769 3825 γὰρ
795 3731 841 3819 τῇ
863 3723 996 3818 Ἑλένῃ.
1056 3723 1207 3816 Quodsi

102 3841 232 3914 ostendi
256 3850 368 3940 potest
397 3868 461 3941 quo
493 3869 579 3918 auno
606 3850 682 3918 acta
706 3843 750 3916 sit
771 3840 1005 3934 Andromeda,
1044 3839 1210 3914 constabit

106 3959 202 4031 etiam
232 3960 443 4052 delleluua.
501 3960 658 4036 Nondum
680 3960 802 4034 editam
827 3961 929 4034 luisse
963 3954 1209 4032 Andromedam

107 4100 197 4170 quum
220 4080 315 4152 Aves
352 4077 488 4152 doceret
513 4079 781 4176 Aristophanes,
818 4077 919 4150 tradit
944 4072 1140 4146 scholiastes
1166 4074 1207 4172 ad

101 4194 218 4268 Arium
234 4223 266 4270 v.
282 4191 370 4268 347.
387 4197 633 4293 reprehendens
647 4196 897 4295 Asclepiadem,
923 4191 980 4287 qui
996 4194 1118 4291 respici
1136 4219 1208 4268 eam

102 4311 283 4388 inArihus
308 4312 506 4388 crediderat.
543 4314 637 4388 Ares
654 4323 762 4386 autem
782 4318 876 4384 actae
894 4318 970 4383 suut
984 4309 1044 4384 Ol.
1056 4310 1156 4384 xcl.
1171 4313 1207 4383 2.

100 4431 254 4534 archonte
267 4430 434 4506 Ghahria.
453 4431 569 4506 Rauas
581 4430 684 4506 edidit
694 4430 933 4528 Aristophanes
948 4427 1208 4505 01.X0111.3.
