3022 5140
402 1315 948 1462 nanuunuro.

525 1711 822 1726 m

215 2002 265 2109 ln
282 2031 549 2109 Andromacham
576 2038 746 2136 aliquanto
769 2037 944 2135 benignior
969 2061 1065 2135 quam
1090 2035 1125 2106 in
1149 2033 1226 2131 ple·

114 2183 233 2256 rosque
259 2159 344 2232 alias
357 2158 530 2259 Euripidis
557 2161 745 2258 tragoedias
769 2163 832 2236 luit
856 2164 1004 2252 fortuna,
1030 2185 1092 2234 neo
1115 2167 1224 2232 tamen

112 2289 148 2348 ut
161 2277 289 2350 fructus
310 2303 479 2352 numerum
503 2289 661 2376 aequaret
680 2278 842 2352 codicum.
886 2279 1011 2353 Collati
1036 2286 1113 2350 sunt
1127 2284 1227 2373 qnat-

112 2399 188 2465 tuor
220 2392 354 2468 codices
382 2397 613 2488 Parisienses,
646 2398 692 2470 A.
729 2423 762 2469 ιι.
794 2397 908 2468 2712.
940 2397 1223 2484 membranaceus,

110 2509 154 2582 Β.
181 2535 214 2584 ιι.
239 2511 354 2586 2713.
380 2512 426 2586 D.
453 2540 486 2588 n.
509 2513 623 2588 2818.
648 2513 693 2586 Ε.
717 2539 752 2588 ιι.
777 2513 891 2587 2888.
917 2537 1055 2611 qnorum
1081 2511 1223 2609 primum

109 2627 323 2722 Brnnekius,
365 2631 421 2727 qui
453 2631 722 2706 Andromachum
762 2657 837 2706 eum
869 2631 1052 2728 Sophoclis
1082 2626 1222 2700 Electra

108 2746 327 2842 Argentorati
360 2773 392 2822 a.
428 2749 540 2822 1779.
575 2751 699 2842 edidit,
744 2759 870 2824 tantum
912 2774 978 2820 non
1014 2746 1136 2843 uhique
1169 2751 1222 2816 est

109 2874 303 2962 sequutus..
338 2863 465 2940 Omnes
501 2868 579 2941 illos
613 2871 718 2942 lihros
755 2870 863 2944 denno
898 2864 1046 2941 excussit
1077 2862 1220 2936 Ioannes

108 2981 323 3080 Lentingius.
367 2983 432 3056 His
456 2984 619 3058 accedunt
645 2985 855 3078 Florentino,
881 2985 1084 3059 Acollatos
1111 2981 1152 3052 ah
1170 2976 1219 3052 Is.

107 3099 251 3193 Vossio,
283 3101 339 3198 qui
362 3103 507 3200 scriptus
532 3113 583 3176 cst
610 3102 879 3176 mendosissime:
908 3100 1027 3174 deinde
1051 3109 1119 3172 tres
1146 3095 1219 3188 alii,

107 3221 214 3291 notati
239 3221 385 3292 numeris
406 3220 443 3292 2.
472 3223 533 3292 10.
561 3220 620 3292 15.
647 3243 784 3317 quornm
810 3219 992 3315 scripturas
1019 3215 1148 3288 rettulit
1172 3213 1219 3286 A.

106 3335 287 3428 Matthiae,
313 3345 549 3434 praetereaque
568 3335 803 3428 Tauriuensis,
827 3334 1120 3430 Guelferbytanus,
1145 3329 1218 3401 lla·

108 3445 273 3545 nniensis,
312 3454 538 3552 lectionesque
558 3479 592 3544 ‘a
623 3453 667 3527 P.
699 3453 854 3528 Victorio
892 3453 1089 3543 adnotatae,
1130 3448 1217 3524 unde

106 3572 288 3646 translatae
308 3580 385 3643 sunt
408 3572 442 3642 in
457 3573 653 3669 irnpnessum
670 3575 842 3671 exemplar
867 3569 1090 3645 hihliotheeae
1116 3567 1216 3641 Pari·

106 3690 218 3780 sinae,
254 3689 310 3786 qni
336 3690 423 3761 liher
448 3688 593 3762 Puteani
625 3715 645 3762 a
678 3691 872 3788 qoihosdam
905 3697 1040 3763 vocatus
1072 3694 1144 3777 est,
1180 3691 1215 3756 ct
1362 3676 1366 3680 ’

105 3807 325 3902 fragmentum
352 3807 623 3901 Ambrosianum,
648 3810 713 3883 hoc
738 3818 810 3902 est,
836 3809 965 3898 charta,
991 3830 1056 3903 qua
1080 3804 1116 3874 in
1137 3801 1214 3872 llo-

104 3925 186 3998 mern'
208 3923 324 3998 codice
346 3925 568 4000 Arnhrosiano
591 3927 722 4024 pictura
737 3927 896 4001 Hectoris
911 3933 945 3998 et
960 3917 1214 3996 Andromachae

105 4021 213 4114 velata
229 4050 298 4115 est:
324 4041 365 4116 de
391 4067 456 4142 qua
474 4045 606 4118 'renunt
626 4045 717 4140 Aug.
739 4044 865 4130 Maius.
907 4040 993 4114 Vide
1017 4033 1213 4109 Buttmanni

103 4160 282 4235 editionem
305 4158 520 4235 Scholinrnm
545 4162 580 4231 in
603 4157 789 4255 Odysseam
814 4185 850 4258 p.
875 4157 961 4234 582.
988 4179 1059 4250 seq.
1100 4149 1213 4225 Deni-

102 4304 164 4376 que
192 4304 238 4352 ex
253 4278 424 4378 impressis
439 4280 536 4352 lihris
557 4277 664 4350 instar
680 4302 779 4351 mann
797 4276 996 4374 scriptorum
1012 4277 1090 4344 sunt
1109 4267 1211 4345 editio

102 4404 259 4494 quattuor
284 4397 529 4494 tragoediarum
547 4395 744 4473 Florentina
769 4394 844 4468 Iani
865 4389 1026 4497 Irasceris
1051 4411 1084 4472 a,
1102 4383 1213 4466 1496.
1274 4433 1281 4446 ι
