3032 5132
685 283 761 357 133

158 477 194 548 οἳ
218 473 256 550 δ’
288 471 339 557 ιὸς
364 475 515 552 ἐκεῖνον.
540 465 651 575 ἧνδ
680 481 755 582 έρις
780 481 1056 584 στρατηλάταις,

157 603 192 675 οἳ
214 598 287 698 μέν
312 597 473 685 πατάξαι
498 599 644 702 πρόσθε
671 607 905 708 Πολυνείκην
930 612 1028 713 δορί,

155 729 190 801 οἳ
215 725 269 817 δ’,
296 725 347 810 ὥς
371 723 575 806 θανόντων
599 729 772 830 οὐδαμοῦ
797 733 880 834 νίκη
905 739 1016 816 πέλοι.

152 851 225 928 κάν
249 851 341 951 τῷδ’
370 852 548 951 ὑπεξῆλθ’
572 856 764 961 Ἀντιγόνη
790 872 952 961 στρατοῦ
977 864 1076 962 δίχα.

153 980 188 1053 οἳ
213 976 251 1053 δ
282 983 332 1062 είς
357 977 440 1052 ὅπλ’
469 977 602 1077 ᾖσσον·
631 981 673 1060 εὖ
699 984 745 1061 δέ
765 1015 844 1070 πως
868 991 1065 1090 προμηθίᾳ

152 1106 321 1204 καθῆστο
346 1101 506 1202 Κάδμου
531 1108 619 1192 λαὸς
644 1093 816 1186 ἀσπίδων
841 1113 909 1186 ἐπι·

150 1230 354 1329 κᾶφθημεν
380 1231 483 1306 οὔπω
507 1230 675 1330 τεύχεσιν
699 1239 963 1340 πεφραγμένον

142 1352 310 1457 Ἀργεῖον
334 1353 559 1442 εῑςπεσόντες
585 1360 759 1459 ἐξαίφνης
784 1362 956 1462 στρατόν.

147 1479 293 1566 κούδεὶς
316 1482 473 1580 ὑπέστη,
498 1482 608 1587 πεδία
633 1484 671 1561 δ’
701 1486 972 1582 ἐξεπίμπλασαν
1048 1527 1051 1536 ’

147 1604 364 1709 φεύγοντες,
390 1611 480 1708 ἔρρει
506 1610 545 1686 δ’
576 1609 672 1708 αἷμα
695 1610 834 1712 μυρίον
858 1622 1014 1712 νεκρῶν,

144 1729 295 1834 λόγχαις
320 1731 539 1812 πιτνόντων·
566 1735 616 1820 ὡς
642 1735 680 1812 δ’
709 1742 890 1833 ἐνικῶμεν
915 1735 1030 1838 μάχη,

145 1861 181 1934 οἳ
205 1857 277 1956 μέν
301 1859 390 1945 Διὸς
414 1858 593 1960 τρόπαιον
616 1864 776 1940 ἵστασαν
800 1865 949 1965 βρέτας,

144 1987 181 2058 οἳ
205 1985 242 2060 δ
273 1984 434 2072 ἀσπίδας
461 1995 644 2074 συλῶντες
662 1990 852 2093 Ἀργείων,
878 2000 1022 2088 νεκρῶν

100 2163 102 2172 »
143 2107 365 2209 σκυλεύματ’
395 2118 481 2188 είσω
505 2115 652 2211 τειχέων
678 2116 897 2215 ἐπέμπομεν.

143 2237 246 2312 ἄλλοι
272 2235 313 2312 δέ
338 2236 425 2322 τοδς
450 2237 642 2325 θανόντας
659 2239 873 2346 Ἀντιγόνης
897 2243 991 2340 μέτα

141 2363 293 2462 νεκροὺς
319 2363 498 2464 φέρουσιν
523 2364 658 2444 ἐνθάδ’
689 2353 846 2448 οἰκτίσαι
872 2368 1002 2468 φίλοις.

135 2640 396 2650 ...Μ-..-

224 2825 315 2888 1470.
346 2829 423 2887 Cant.
445 2828 485 2888 M.
506 2829 595 2888 ann.
615 2829 687 2889 Ven..
704 2831 729 2889 1).
751 2826 842 2890 πέλει.

221 2934 312 2997 1471.
344 2935 489 3016 Argutatur
514 2937 558 2997 hio
578 2958 679 3015 quoque
699 2939 904 3010 Valckenarius,
932 2947 960 2997 ut
987 2937 1056 2996 huno
1082 2953 1185 2994 versum
1208 2939 1254 2992 eii·

136 3019 253 3076 ciendum
276 3039 334 3076 osse
356 3021 490 3090 ostendat,
522 3029 659 3097 suspicans
686 3044 732 3098 pro
763 3043 793 3080 eo
823 3027 901 3081 alium
930 3027 962 3080 ab
988 3020 1112 3099 Euripide
1139 3023 1252 3096 positum

135 3119 207 3172 esse,
237 3107 266 3160 in
298 3065 581 3179 ηοο1ι11111ο1μέν
607 3105 639 3160 δε
660 3105 794 3162 Thebanis
816 3106 929 3182 dictum,
958 3111 1018 3181 qnia
1039 3107 1107 3180 quod
1128 3110 1253 3179 sequatur

135 3181 170 3244 oi
187 3145 220 3244 δὲ
241 3185 274 3243 ati
295 3184 409 3287 Argivos
429 3187 563 3243 referatur.
606 3184 643 3243 At
663 3197 732 3245 recte
754 3187 908 3245 scholiastes
931 3189 962 3244 ad
984 3188 1049 3245 iilud
1071 3185 1105 3245 ο1
1122 3183 1155 3244 δέ
1174 3187 1253 3242 adno-

134 3275 211 3328 tavit.
240 3267 290 3328 καὶ
322 3260 483 3350 ἀμφότερα
512 3264 651 3347 τὰμέρη
679 3269 720 3335 εἰς
741 3263 867 3329 tow
843 3289 967 3349 ωρμων
996 3271 1096 3340 καλῶς
1118 3265 1151 3328 δέ
1172 3262 1251 3326 κατά

131 3373 201 3414 τινα
220 3346 334 3434 τρόπον
351 3353 483 3460 προνοία
503 3353 559 3414 τινὶ
580 3349 715 3434 ἐκάθητο
736 3348 870 3432 Κάδμου
891 3351 964 3426 λοος
980 3353 1033 3415 ἐπὶ
1054 3356 1116 3414 τῶν
1137 3345 1250 3431 ὅπλων,

131 3433 201 3499 ἀντί
219 3441 274 3499 τοῦ
297 3437 328 3499 ἐν
350 3416 476 3512 οπλοις,
496 3437 650 3500 τουτέστιν
678 3377 840 3512 innatans·
863 3437 944 3506 A&
936 3462 963 3498 in
990 3461 1021 3500 ευ
1008 3428 1081 3500 ’δέ
1108 3459 1174 3510 πως
1196 3459 1247 3496 non

131 3529 278 3628 opposituni
300 3532 340 3582 ost
359 3525 578 3602 praecedentibus,
598 3534 747 3603 poteratque
767 3546 814 3604 pro
836 3547 876 3596 εο,
907 3531 931 3585 si
953 3533 1062 3584 metrum
1082 3528 1251 3603 permitteret,

131 3615 209 3668 etiam
230 3603 288 3688 γάρ
311 3609 372 3668 din.
415 3607 588 3690 Antigonam,
616 3611 675 3668 dunt
704 3616 834 3670 exercitus
855 3615 941 3670 verbis
963 3611 995 3669 tle
1014 3615 1123 3670 victoria
1144 3617 1247 3667 conten·

130 3693 237 3764 debant,
259 3696 344 3751 abisse
365 3701 512 3754 necessario
534 3705 589 3754 erat
610 3697 875 3768 commemorandum,
908 3716 941 3753 ne
968 3701 1041 3773 virgo
1070 3697 1146 3751 otiam
1175 3699 1246 3768 post·

130 3798 205 3854 quam
228 3783 348 3838 averbis
370 3779 403 3837 ad
425 3800 495 3838 anna
514 3793 618 3838 ventum
642 3790 682 3837 est
702 3787 769 3839 inter
789 3787 934 3858 pugnantes
956 3779 1090 3836 adstitisse
1105 3777 1242 3834 videretur.

130 3861 215 3926 Quam
237 3867 336 3922 salvam
359 3867 476 3922 evasisse
507 3885 537 3923 eo
572 3869 657 3921 minus
683 3869 765 3938 potuit
793 3865 943 3938 praeteriri,
971 3862 1039 3937 quod
1065 3862 1162 3938 paulin
1184 3869 1251 3935 post·

116 3948 187 4022 'ipsa
208 3965 266 4004 oum
289 3957 446 4006 mortuorum
475 3952 625 4024 corporibus
653 3953 681 4004 in
709 3967 813 4002 scenam
840 3946 934 4022 pimodit
976 3946 1018 4002 lta
1049 3949 1126 4002 otiam
1154 3939 1188 4001 oi
1211 3939 1245 4000 δέ

127 4038 188 4108 post
215 4030 285 4089 huno
314 4051 432 4102 versum,
464 4032 533 4108 quod
561 4032 592 4088 do
618 4041 727 4106 utroquo
755 4032 869 4088 exercitu
901 4030 997 4087 dictum
1025 4036 1082 4102 est,
1114 4034 1182 4085 nocto
1215 4046 1243 4082 so

127 4115 194 4174 habe
302 4135 305 4140 ·

196 4125 1177 4294 ι11177.1111111111.1117111.ι111.μυρίων.13οδδ.οο1ε11μυρίον.

98 4325 100 4330 ’
213 4322 305 4384 1479.
337 4325 397 4382 Duo
419 4325 460 4382 vel
482 4331 535 4382 tres
558 4317 664 4381 codd.
654 4318 792 4401 ε’στησαν.

211 4429 445 4504 1483.11>ίλοις
480 4453 557 4510 quum
589 4453 622 4490 ex
656 4437 802 4492 coniectura
824 4393 965 4502 doctornin,
993 4438 1046 4489 tum
1070 4451 1102 4488 ex
1125 4430 1183 4487 Por.
1207 4428 1241 4488 A.

123 4521 237 4598 positum
259 4525 308 4580 est.
351 4519 437 4578 Ceteri
457 4521 517 4577 iibri
537 4514 654 4592 φίλους.
1204 4541 1207 4548 ·
