2996 5136
778 288 851 362 150

361 471 458 539 λαισι
482 463 593 541 ναίετ’
620 468 803 566 οὐράνιοι·

364 597 523 688 σωτῆρες
545 592 615 666 εἶθ’
636 592 779 676 Ἑλένας

360 715 527 816 γλαυκὸν
552 716 645 817 ὑπὲρ
671 717 785 816 ολδμα
810 714 1024 818 κυανόχροά
1049 749 1088 796 τε
1112 716 1294 818 κυμάτων

360 834 474 934 ῥόθια
499 841 609 916 πολιά
634 840 843 932 θαλάσσας,

360 961 516 1049 ναύταις
539 967 658 1051 εὐαεῖς
681 968 832 1065 άνέγιων

362 1088 566 1185 πέμποντες
591 1088 734 1169 Διόθεν
759 1090 893 1176 πνοάς·

363 1209 558 1297 δύςκλειαν
583 1215 607 1291 δ
611 1217 623 1244 ³
650 1217 724 1293 άτιδ
752 1215 938 1320 συγγόνου

359 1339 491 1435 βάλετε
512 1338 724 1442 βαρβάρων
747 1343 893 1439 λεχέων,

360 1465 409 1539 dv
426 1463 571 1542 Ἰδαίων
596 1465 732 1564 ἐρίδων

362 1592 573 1665 ποιναθεῖά
600 1589 800 1686 ἐκτήσατο,
827 1598 900 1693 γάν

361 1714 431 1789 ούκ
457 1713 621 1791 ἐλθοῦσά
648 1717 724 1790 ποτ’
747 1715 854 1792 Ἰλίου

171 1848 253 1905 1530
363 1839 563 1938 Φοιβείους
585 1839 643 1915 ἐπὶ
669 1841 845 1941 πύργους.

260 2163 349 2247 quue
370 2172 456 2233 etiam
477 2185 567 2234 metra
588 2174 739 2252 postulant.
784 2173 858 2234 Nam
880 2169 1062 2236 scribendum
1078 2184 1135 2246 est,
1156 2185 1187 2234 nt
1208 2195 1244 2236 ex
1266 2175 1376 2237 litteris

260 2249 350 2396 adise
372 2255 444 2360 meis
463 2259 571 2316 rettulit
592 2258 751 2329 Matthiae,
780 2263 926 2340 λαμυρῶν
948 2254 1004 2321 οἵτ’
1026 2257 1144 2338 άστρωυ
1163 2256 1216 2322 ότι)
1238 2256 1375 2351 άὲλλαισι

259 2357 297 2398 υα
311 2358 341 2398 ετ
371 2361 518 2420 ουραυιοι.

347 2464 439 2525 1520.
483 2463 552 2526 Ald.
581 2467 712 2546 σωτῆρες
732 2462 788 2538 τὰς
806 2463 936 2540 Ἑλένας.
987 2465 1053 2526 Non
1079 2462 1107 2525 id
1131 2478 1312 2546 correctum,
1344 2475 1376 2525 ut

259 2541 400 2607 Matthiae
420 2546 525 2620 refert,
549 2549 604 2608 iam
627 2549 655 2608 in
677 2548 894 2622 Brobachiana,
921 2549 988 2622 sed,
1020 2550 1075 2608 nisi
1097 2550 1125 2608 in
1147 2553 1237 2630 prima
1259 2549 1376 2610 Heroa-

260 2627 362 2705 giana,
385 2650 457 2710 quae
480 2631 549 2691 mihi
571 2653 626 2691 oon
648 2630 684 2689 ad
707 2652 817 2692 manum
839 2646 912 2706 erat,
937 2642 1015 2694 certe
1037 2633 1066 2691 in
1088 2634 1188 2694 altera.
1233 2631 1376 2710 Musgra·

259 2712 324 2771 vius
356 2715 439 2773 metri
466 2733 568 2774 caussa
593 2718 718 2795 σωτῆρε.
764 2715 929 2796 Displicere
958 2715 1051 2797 potius
1079 2716 1213 2776 articulus
1236 2711 1374 2786 debebat,

260 2805 293 2853 ut
315 2796 475 2875 significavi
496 2800 525 2856 in
547 2798 723 2876 praefatione
748 2799 842 2880 Iphig.
866 2800 935 2860 Ant.
960 2821 988 2880 p.
1007 2807 1056 2861 17.
1085 2819 1180 2860 verum
1204 2819 1282 2860 nunc
1302 2817 1375 2870 non,

262 2877 336 2956 qnod
363 2888 421 2938 tum
448 2879 596 2953 volebam,
631 2877 707 2955 ἔσθ’,
742 2883 793 2943 sed
821 2896 939 2964 propter
965 2880 1183 2965 praecedentem
1202 2883 1377 2962 optativum

262 2956 323 3020 εἷθ’
352 2962 465 3040 scripsi.
517 2961 551 3022 ld
579 2966 740 3026 nescientes
768 2969 882 3028 scribae
909 2985 962 3049 pro
991 2968 1130 3026 communi
1157 2967 1239 3048 εἴητε
1268 2964 1377 3024 dictum

261 3061 338 3116 esse,
363 3045 511 3108 articulum
532 3066 665 3127 posuere.

347 3172 441 3233 1521.
484 3171 584 3234 Libri:
621 3169 753 3256 γλαυκόν
776 3170 822 3238 ἐπ’
843 3169 922 3255 οἶδμ’
944 3171 1046 3252 άλιου,
1074 3170 1248 3256 κυανόχροά
1272 3194 1305 3234 τε
1326 3193 1379 3234 κυ-

262 3247 381 3331 μάτων,
417 3255 598 3335 pessumdato
624 3278 642 3317 a
669 3261 795 3320 metricis
816 3261 963 3331 trimetro,
992 3259 1040 3338 qui
1064 3279 1146 3338 quum
1168 3279 1224 3341 per
1245 3274 1380 3341 errorem

263 3333 309 3400 ἐπ’
329 3333 420 3417 οἶδμα
439 3359 492 3420 pro
512 3339 590 3422 ὑπὲρ
614 3337 705 3423 οἶδμα
726 3345 861 3423 scriptum
883 3353 980 3415 esset,
1002 3340 1171 3403 addiderant
1192 3339 1293 3406 άλιου.

307 3464 439 3605 21ρ2ρ.
485 3459 562 3562 Edd.
588 3461 743 3539 δόςκλειαυ
763 3463 825 3528 dud
851 3462 1009 3549 συγγόνου.
1060 3464 1205 3527 Matthiae
1233 3485 1274 3525 ex
1293 3462 1378 3522 Flor.

262 3555 292 3605 1.
331 3587 339 3602 .
412 3557 544 3608 insenuit.

346 3670 440 3732 1526.
483 3668 563 3730 Flor.
584 3680 613 3731 1.
630 3680 658 3728 et
675 3668 741 3730 edd.
762 3669 829 3730 inde
846 3671 882 3732 ab
896 3671 1023 3751 Herrag.
1040 3683 1070 3734 2.
1087 3667 1229 3751 βάλλετε,
1253 3668 1381 3746 citatque

262 3750 304 3810 sic
326 3749 482 3813 Elmsleius
503 3752 540 3812 ad
560 3751 642 3815 Med.
660 3764 734 3816 212.
780 3754 838 3815 Sed
860 3755 927 3816 Aid.
952 3755 1042 3816 Brub.
1066 3755 1148 3818 Flor.
1164 3767 1198 3818 2.
1222 3750 1344 3835 βάλετε.

345 3880 438 3939 1528.
481 3876 564 3937 Libri
585 3875 755 3956 πουηθεῖά,
789 3878 863 3958 quod
892 3891 1042 3940 servarunt
1063 3879 1213 3958 novissimi
1236 3874 1380 3972 editore83

260 3969 292 4018 ot
308 3957 344 4020 ne
365 3961 539 4021 mentionem
559 3960 672 4041 quidem
695 3964 818 4024 fecerint
832 3961 975 4042 Scaligeri
993 3965 1170 4042 corrigentis
1193 3960 1382 4051 ποινυᾷεῑῡ·

260 4043 339 4102 Usus
362 4055 406 4106 est
426 4043 480 4105 hoc
501 4045 590 4106 verbo
610 4043 765 4127 Euripides
785 4046 1117 4125 inlph.Taur·1433.
1163 4042 1226 4105 Sed
1250 4037 1383 4100 scriben-

262 4125 326 4186 dum
348 4139 410 4189 erat
432 4125 612 4192 ποιναθεῐά.
655 4128 771 4192 Deinde
792 4130 876 4191 lihri:
900 4128 1044 4204 ἐκτήσατο
1067 4129 1123 4194 τόν
1145 4127 1205 4192 edu
1226 4124 1384 4212 ἐλθοῦσαν

260 4206 351 4273 Ἰλίου
373 4213 535 4317 Φοιβείους
556 4212 607 4278 tot
628 4212 771 4297 πύργους.
814 4211 901 4274 Noua
922 4212 992 4274 fides
1008 4215 1156 4297 Stephano
1177 4213 1206 4271 in
1223 4205 1302 4304 Mes.
1322 4213 1383 4258 ⁵⁰¹⁵

261 4299 327 4364 ταῖς
349 4295 510 4372 ἐλθουσαις
531 4317 596 4359 esse
617 4296 733 4358 dicenti.
778 4296 871 4358 Recte
891 4296 1076 4376 Musgravins
1105 4295 1161 4362 τάν
1187 4295 1218 4351 in
1241 4308 1299 4370 γαν
1321 4297 1382 4340 ¹¹¹⁰·

262 4375 377 4440 mudum
395 4379 476 4440 vidit.
521 4380 709 4442 incredibiles
731 4382 877 4442 doctorum
900 4382 1079 4445 coniecturas
1097 4379 1187 4464 pudet
1208 4381 1383 4430 commemo·

261 4480 346 4535 rare,
374 4461 422 4522 oti
443 4461 510 4543 qnid
533 4464 699 4544 scripsisset
721 4477 804 4546 poeta
827 4465 872 4524 vel
893 4485 996 4528 caecus
1018 4468 1118 4528 videre
1141 4461 1266 4542 poterat.
