3028 5136
688 295 751 348 Xlll
792 329 795 335 ι

165 493 259 568 quae
286 469 528 555 traducatur,
561 466 738 540 desumto
762 466 943 542 ccileutar
974 493 1025 541 ea
1050 470 1131 544 cias
1160 471 1265 546 Grec·

164 588 234 677 aa,
261 612 423 685 quaram
454 593 724 678 argumentum
750 593 843 656 ante
866 585 1042 678 epactam
1063 587 1266 687 plerisque,

163 717 270 778 certe
303 702 680 800 accasamentis
698 703 899 798 patefecit
928 705 988 778 cc‘r·
1015 704 1056 778 ia
1080 704 1151 780 lac
1176 732 1265 805 quo-

162 849 234 920 qae
251 847 393 916 geaere
416 820 619 909 machaas,
643 818 693 890 R.
710 817 908 896 Bentler'as
928 823 969 898 u'a
986 823 1111 922 Epist.
1133 825 1187 898 ad
1205 825 1264 899 Ιο.

103 925 107 934 ’
162 939 261 1014 Mill.
291 963 334 1038 p.
367 939 430 1028 23,
456 935 516 1008 24.
551 937 623 1010 ota.
656 933 832 1010 celeberr.
858 938 905 1010 P.
934 941 1200 1014 Barmaaaara
1224 943 1266 1015 r'a

166 1055 271 1129 ovat
297 1053 346 1126 ll.
386 1056 501 1130 Trr’st.
534 1082 567 1128 ο.
594 1052 681 1128 391.
732 1051 941 1128 Burmannus
973 1058 1102 1154 quidem
1129 1057 1264 1132 honoris

161 1197 300 1265 caussa,
326 1199 392 1246 non
416 1173 502 1273 qnod
523 1169 648 1269 aliquid
671 1170 712 1241 ad
729 1195 798 1242 rem
821 1173 1051 1246 illustrandam
1072 1178 1264 1270 contulerit,

159 1292 345 1363 nominatus
357 1301 422 1364 ast.
462 1290 636 1364 Bentleius
653 1313 729 1360 vcro
749 1313 783 1386 p.
797 1286 886 1362 471.
904 1290 956 1364 ed.
970 1291 1068 1390 Lips.
1087 1291 1264 1367 Cretenses

160 1416 194 1480 et
211 1407 348 1481 Crassus
364 1407 522 1502 distingui
545 1407 664 1478 dehere
685 1431 834 1499 monens,
854 1408 944 1502 elle‘c,
968 1409 1087 1508 inquit,
1105 1411 1264 1486 Icarum

160 1527 284 1600 cerru's
310 1538 351 1600 et
376 1523 613 1624 Pasiphaen:
638 1524 679 1596 ia
707 1525 850 1600 Cressis
871 1516 1062 1626 Aeropea,
1087 1527 1263 1622 Atreum,

168 1644 365 1741 Thyestea.
421 1642 498 1715 Hac
526 1639 642 1738 Argis
666 1642 938 1742 Pelopamcesr‘,
968 1645 1111 1718 allecia
1146 1647 1264 1722 Creta

159 1762 284 1836 iacula
305 1787 369 1836 res
394 1760 539 1853 agatur.
588 1758 624 1832 N
625 1784 667 1832 on
693 1783 773 1834 sane
792 1761 878 1834 dixit
901 1761 984 1834 haec
1008 1760 1182 1834 Bentleins
1207 1764 1263 1834 in-

159 1879 376 1952 considerate.
410 1875 445 1949 N
446 1899 498 1948 arn
515 1876 556 1948 ad
572 1875 657 1948 illud
678 1878 915 1977 Aristophanis
933 1881 969 1953 in
987 1878 1111 1976 Vespis
1130 1903 1161 1952 r.
1174 1879 1262 1954 762.

907 2055 1019 2122 τοῦτο
1044 2043 1086 2124 di

254 2161 378 2257 ’Ἅιδης
398 2161 581 2260 διακρινεῖ
601 2157 781 2262 πρότερον
806 2161 830 2258 ἢ
849 2162 918 2265 'pai
943 2163 1133 2264 πείσομαι,

152 2336 352 2411 scholiastes
375 2335 560 2408 adnotavit:
588 2334 629 2409 ἐν
653 2327 841 2432 Κρήσσαις
867 2334 887 2409 ὁ
907 2335 1053 2434 Ἀτρεὺς
1077 2336 1170 2437 πρὸς
1192 2337 1261 2433 τὴν

152 2446 338 2551 Ἀερόπην.
388 2453 482 2528 Idem
508 2449 831 2528 acherontea.
860 2455 917 2526 uhi
945 2454 987 2528 de
1009 2457 1128 2553 pannis
1151 2456 1261 2532 Tela-

155 2570 213 2667 pc
239 2570 320 2645 uicit
338 2570 538 2671 caepas,

270 2744 387 2816 κεῖται
409 2740 451 2817 d'
478 2740 631 2817 ἄνωθεν
656 2746 734 2815 τῶν
761 2737 966 2814 &acorrima
990 2743 1136 2838 ῥακῶν,

155 2929 204 3002 sic
229 2929 382 3029 eclipsit:
405 2929 487 3023 ἤτοι
509 2926 557 3003 τὰ
576 2934 654 3004 τῶν
676 2931 861 3027 Κρησσῶν
885 2924 909 3021 ἢ
935 2926 1143 3002 αὐτοῦτοῦ
1168 2929 1261 3002 Θυέ-

148 3068 256 3120 στου.
308 3037 379 3121 Se'd
416 3047 502 3144 quod
533 3047 575 3120 de
600 3046 708 3120 Atreo
733 3054 767 3118 et
793 3046 942 3143 Thyesta
973 3047 1152 3143 tragoediis
1177 3047 1260 3120 dicit

154 3161 414 3256 Valckenarius,
439 3186 556 3238 uereor
581 3187 636 3256 ne,
662 3162 748 3260 quod
772 3163 816 3234 ad
840 3163 1012 3259 Thyesten
1037 3165 1168 3257 attinet,
1191 3166 1260 3237 mi·

154 3305 216 3352 nus
240 3280 479 3378 circumspecte
499 3279 544 3350 sit
568 3279 832 3376 pronunciatum.
882 3278 970 3353 Nam
996 3279 1036 3353 de
1052 3279 1158 3354 Atreo
1182 3280 1259 3379 qui·

154 3396 240 3488 dem,
268 3419 362 3494 quem
385 3419 492 3494 neque
516 3396 660 3493 scriptor
685 3397 773 3469 ullus
797 3398 1001 3492 memorarit,
1025 3422 1133 3495 nequa
1156 3398 1258 3473 index

153 3503 336 3587 fabularum
374 3513 548 3612 Euripidis
581 3515 700 3609 habet,
744 3515 843 3589 facile
879 3516 1057 3590 concedam
1085 3517 1257 3590 confusum

153 3655 227 3706 esse
252 3655 325 3704 cum
352 3633 419 3732 alia
443 3633 556 3706 lahula
581 3635 622 3705 ah
647 3634 807 3725 Αηὶοιιο,
834 3634 890 3732 qni
915 3636 950 3707 in
977 3634 1057 3708 diss.
1084 3633 1201 3734 Epist.
1224 3635 1256 3709 I.

153 3749 212 3822 28.
239 3751 393 3850 scripsit:
429 3748 494 3824 καὶ
524 3749 612 3826 ποία
645 3747 838 3852 τραγῳδία
869 3751 984 3842 ἄλλην
1013 3748 1132 3848 ἀρχὴν
1164 3753 1255 3845 ἔχου

9 3909 10 3924 1
147 3863 291 3964 Ἀτρεὺς
305 3867 511 3968 Εὐριπίδου
534 3867 571 3942 τί
590 3869 685 3954 ἕσας
722 3865 764 3940 τὸ
782 3866 1022 3962 φαινόμενον.
1078 3866 1257 3948 Οἰδίπους

152 3983 385 4074 Σοφοκλέους
401 3983 439 4056 τί·
455 3987 550 4072 ἐστι’,·
586 3981 629 4056 τὸ
647 3976 887 4079 φαινόμενον.
922 3981 1057 4067 Φοίνιξ
1060 4012 1074 4070 ,·
1103 3981 1146 4056 τὸ
1167 4009 1256 4078 φαι-

152 4088 321 4189 νόμενον.
369 4097 598 4184 ‘laodiceam
623 4134 625 4138 ·
647 4096 689 4172 τὸ
717 4093 957 4194 φαινόμενον.
1009 4099 1058 4174 At
1084 4099 1255 4195 Thyestae

150 4237 269 4286 nomen
294 4215 335 4286 ah
363 4215 477 4288 eodem
501 4216 670 4307 Stohaeo,
696 4216 752 4312 qui
778 4216 920 4312 quinque
953 4240 997 4288 ex
1023 4213 1153 4288 Cressis
1182 4215 1255 4288 lra-

149 4339 281 4430 gmenta
307 4331 533 4423 conservarit,
565 4331 692 4404 dachus
731 4332 807 4404 aliis
831 4333 1025 4430 fragmentis
1051 4333 1253 4433 adscriptum

150 4459 211 4524 cst.
269 4449 453 4526 Praeterea
490 4448 590 4524 etiam
622 4449 658 4521 in
691 4449 874 4549 appendice
907 4451 1032 4544 codicis
1063 4450 1253 4557 Florentini
