3032 5132
633 331 639 346 ·
679 301 752 374 157

259 493 374 599 ποίτερ
399 495 533 600 γεραιέ,
559 494 757 594 πομπίμαν

260 625 357 723 ἔχων
382 623 441 720 ἔμ’
471 621 559 706 olore
585 621 848 722 ναυσίπομπον
874 624 1006 724 αι’ίραν.

554 777 615 852 O'l
622 779 658 849 Δ
664 782 687 848 Ι
694 779 779 853 ΠΟ
795 784 877 852 ΥΣ.

261 925 310 1002 α’.
414 921 500 1001 ἰδού
523 922 739 1025 πορεύομαι,
764 925 904 1004 τέκνον.

410 1051 471 1134 οδ
484 1048 551 1149 δή,
578 1049 627 1128 od
651 1082 718 1149 μοι

408 1177 573 1282 ποδαγὸς
597 1178 715 1254 ἀθλία
739 1186 863 1283 γενοῦ.

555 1343 591 1404 Α
598 1337 638 1406 Ν
645 1337 705 1406 TI
709 1338 745 1404 Γ
752 1335 784 1407 0
791 1335 882 1406 ΝΗ.

265 1469 309 1555 ”.
411 1475 622 1583 γενόμεθα,
647 1478 829 1585 γενόμεθ’
860 1480 989 1556 ἄθλιοί

346 1621 350 1627 ’
406 1635 449 1710 γε
474 1606 570 1705 δῆτα
598 1612 669 1705 Θη-

406 1737 526 1834 βαίαν
549 1730 712 1831 μάλιστα
736 1732 950 1831 παρθένιον.

510 1960 512 1968 ,
556 1890 618 1964 ΟΙ
622 1890 657 1960 Δ
664 1894 688 1962 Ι
693 1891 736 1960 Π
744 1890 776 1964 0
789 1891 870 1960 ΥΣ.

301 2093 311 2114 .
414 2033 509 2114 πόθι
532 2037 683 2141 γεραιὸν
707 2041 810 2134 ’ίχνος
833 2034 986 2134 τίθημι,

405 2159 554 2265 βάκτρα
578 2160 770 2263 πρόςφερ,
796 2159 828 2238 ὦ
852 2164 993 2239 τέκνον.

549 2324 586 2393 Α
593 2324 633 2392 Ν
640 2323 700 2391 TI
703 2323 740 2390 Γ
747 2318 827 2394 ΟΝ
831 2321 881 2390 Η.

255 2466 357 2565 τᾷδε,
382 2466 472 2565 τᾷδε
495 2466 599 2567 βᾶθί
621 2497 699 2565 μοι,

253 2593 356 2691 τᾷδε,
381 2593 484 2691 τᾷδε,
510 2592 610 2669 πόδα
634 2594 753 2684 τίθει,

255 2717 340 2806 δίςτ’
370 2722 515 2823 όνειρον
538 2717 659 2818 ἶσχόν.

155 3100 221 3157 alios
244 3097 334 3157 modos
356 3106 447 3158 cantus
469 3100 558 3166 abiret,
586 3104 611 3155 et
631 3100 675 3156 ubi
704 3118 796 3156 rursus
817 3100 844 3156 in
867 3099 984 3157 relictum
1007 3118 1111 3156 cursum
1133 3105 1270 3158 revertere·

154 3194 204 3241 tur.
249 3184 280 3240 ln
302 3187 383 3260 primo
404 3203 490 3254 remu,
511 3181 625 3259 quodue
647 3191 734 3258 aperte
755 3187 870 3241 trimeter
890 3185 1016 3241 iambicus
1038 3191 1086 3252 eet,
1106 3186 1199 3258 scripsi
1216 3178 1271 3260 χό-

153 3289 194 3346 ρα
214 3289 261 3346 pro
279 3272 378 3348 χεῖρα.
399 3266 508 3345 Aliquot
529 3265 631 3325 codices
652 3271 781 3324 communi
802 3268 911 3326 dialecto
932 3257 1040 3347 φυγήν,
1062 3286 1110 3323 neo
1130 3277 1216 3324 tamen
1238 3287 1271 3326 ex

151 3356 205 3412 ullo
238 3351 332 3434 φίλην
364 3353 531 3423 adnotatum,
562 3351 608 3409 sed
630 3355 823 3410 consentiunt'
815 3371 842 3410 m
865 3348 968 3434 φίλαν,
988 3355 1066 3410 sicuti
1089 3345 1190 3432 φυγὰν
1211 3349 1268 3409 εδδ.

151 3447 214 3497 vett.
235 3448 262 3497 et
282 3439 384 3498 eodioen
406 3439 505 3496 nonulli
525 3439 629 3496 habent.

238 3516 611 3583 immaturitatem
639 3513 808 3600 πορεόομαι
835 3509 952 3581 τέκνον.
974 3511 1014 3581 od
1041 3541 1103 3598 μου
1124 3513 1267 3600 ποδαγός.

150 3610 262 3667 Plurimi
284 3609 388 3667 codices
408 3599 448 3667 σό
469 3627 533 3682 μοι.
578 3607 640 3683 lpea
662 3609 805 3664 sententiae
826 3609 892 3664 ratio
913 3612 1042 3682 requirere
1068 3606 1170 3665 videtur
1190 3611 1268 3682 parti·

153 3693 236 3750 culam
258 3695 384 3794 aliquam,
416 3701 446 3751 ut
467 3689 554 3769 δῆτα
597 3690 638 3749 Ao
658 3691 752 3749 desunt
772 3694 849 3748 etiam
871 3691 903 3748 ad
925 3700 1034 3750 metrum
1056 3692 1123 3748 duae
1144 3691 1267 3762 syllabae.

153 3775 205 3832 Sed
225 3781 310 3854 aptius
330 3783 416 3837 naum
439 3786 479 3835 eet
499 3779 611 3834 scribere
629 3771 669 3836 οδ
692 3767 740 3852 δη,
762 3766 801 3834 οδ
821 3794 885 3849 μοι.

238 3858 330 3922 1725.
342 3862 410 3920 Edd
421 3871 482 3920 vett.
494 3855 600 3920 intio.
622 3860 704 3919 Codd.
715 3864 815 3918 narrant
825 3864 892 3918 mter
902 3853 1009 3931 αθλια
1020 3851 1133 3917 ἀθλίου
1133 3803 1267 3942 ,όθλίιμ

239 3943 330 4004 1726.
351 3947 427 4004 Libri
448 3939 617 4023 ἄθλιαίγε.
640 3947 787 4013 Pannona,
815 3944 928 4020 quiade
949 3900 1267 4020 soldrlntigodasermo

153 4033 201 4096 eat,
223 4019 328 4087 όίθλιοι
350 4034 471 4100 restituit,
492 4029 538 4087 aed
560 4051 612 4087 non
633 4029 740 4088 debebat
761 4050 818 4087 cum
840 4029 974 4108 Kingiir
954 4026 1011 4085 nod.
1032 4027 1068 4086 K.
1089 4048 1121 4106 γε
1143 4031 1243 4086 eiicere.

235 4109 327 4170 1728.
339 4113 426 4192 Vulgo
437 4109 600 4192 παρθένων
609 4107 657 4189 δη
669 4114 773 4172 Delevut
783 4108 822 4191 δη
833 4114 967 4172 Ροιοοιιιιε
979 4114 1069 4170 euml.
1075 4113 1147 4171 Flor.
1157 4112 1205 4172 10.
1214 4111 1264 4172 34.

237 4183 330 4255 1732.
352 4196 461 4272 Aliquot
477 4197 576 4255 codd.
569 4219 595 4255 m
611 4199 662 4256 line
672 4199 851 4258 huiusreraua
862 4199 960 4258 addunt
971 4190 1074 4276 πάτερ,
1086 4197 1191 4274 qundin
1204 4200 1264 4256 aliie

151 4303 203 4340 non
225 4288 275 4352 eat,
291 4301 374 4356 neque
392 4286 419 4339 in
442 4281 500 4340 εδδ.
519 4289 583 4340 reti.
604 4281 634 4338 Id
657 4286 680 4338 si
696 4287 828 4360 recipitur,
840 4285 921 4342 semel
937 4284 1099 4342 scribendum
1117 4286 1165 4340 erit
1182 4280 1264 4367 τᾷδε.

237 4365 330 4428 1733.
358 4367 447 4424 Libri:
475 4358 546 4436 ὤμ’
571 4357 685 4444 ὄνειρον
705 4362 830 4443 ἰσχδν”
812 4387 897 4444 εχοιν.
940 4362 1072 4427 1)ε1ει·ἰν
1053 4387 1140 4444 εχων,
1161 4375 1191 4425 ut
1211 4387 1264 4426 nra·
1371 4392 1374 4398 ’

150 4455 273 4512 bifestum
294 4455 559 4549 interpretationem.
584 4448 644 4524 lpse
664 4468 710 4526 pen
731 4460 838 4510 vocatur
858 4447 990 4530 ἰσχδς“
966 4447 1036 4526 ωςι’
1061 4447 1183 4534 όνειρος.
1218 4455 1263 4512 Sia

149 4563 173 4600 v.
198 4540 291 4602 1762.
311 4541 389 4620 vulgo
412 4526 567 4596 additum'‘
548 4552 661 4610 εχοοοα
681 4537 801 4593 omittunt
821 4536 932 4598 eodioea.
