3026 5134
721 278 725 285 '
808 267 834 340 Θ

313 478 426 552 κλῦθι
440 470 503 548 καὶ
517 468 586 545 οἰικ
598 464 793 553 ἐθέλουσα,
805 458 1005 562 κακόπτερε
1014 466 1156 536 Μοῦσα
1164 461 1378 555 θανόντων,

391 597 519 688 φωνῆς
542 584 728 683 ἡμετέρης,
755 580 823 658 σὸν
846 580 948 665 τέλος
972 578 1191 678 ἀμπλακίης.

316 712 525 808 ἄνθρωπον
549 701 751 789 κατέλεξας,
778 699 830 787 ὅς,
854 695 966 796 ἡνίκα
989 701 1105 800 γαῖαν
1129 697 1291 798 ἐφέρπει,

390 834 541 921 πρῶτον
566 823 639 920 έφυ
663 813 866 916 τετράπους
888 810 1018 913 νήπιος
1043 817 1083 890 ἐκ
1106 812 1297 919 λαγόνων·

314 941 491 1048 γηραλέος
515 938 557 1015 δέ
583 937 704 1013 πίλων
727 934 902 1033 τρίτατον
926 929 1026 1008 πόδα
1049 929 1218 1032 βάκτρον
1241 931 1383 1036 ἐρείδει,

396 1057 537 1154 αὐχένα
562 1051 763 1156 φορτίζων,
790 1045 903 1152 γήραϊ
925 1048 1194 1148 καμπτόμενος.

268 1174 461 1254 ἀκούσασα
487 1173 529 1251 δέ
553 1171 623 1270 τήν
647 1167 755 1247 λύσιν
779 1167 802 1266 ἡ
829 1167 960 1270 Σφὶγξ
982 1167 1121 1265 ἑαυτὴν
1145 1167 1293 1267 ἀναιρεῖ
1314 1195 1386 1243 πα-

269 1303 444 1395 ραχρῆμα
476 1291 619 1390 ῥίψασα
653 1296 722 1364 τοῦ
746 1287 863 1386 ἀέρος.
918 1283 1095 1370 Οἰδίπους
1121 1285 1162 1361 δέ
1189 1284 1317 1362 συνυίν
1340 1293 1386 1383 τῇ

268 1412 383 1512 μητρὶ
408 1409 472 1488 καί
497 1407 634 1491 παῖδας
664 1407 705 1491 ἐξ
728 1405 842 1502 αὐτῆς
867 1398 991 1503 φύσας
1014 1402 1206 1501 τέσσαρας,
1232 1405 1388 1502 ἄρρενας

267 1529 338 1626 μὲν
355 1527 541 1604 Ἐτεοκλέα
565 1524 629 1601 καί
656 1522 902 1620 Πολυνείκην,
930 1520 1084 1618 θηλείας
1109 1517 1151 1596 δέ
1167 1518 1388 1625 Ἀντιγόνην

267 1646 331 1723 καί
347 1642 537 1746 Ἰσμήνην,
563 1641 614 1727 ὥς
637 1643 735 1746 ἐγνοι
760 1641 804 1716 τὸ
825 1639 973 1738 μίασμα
989 1637 1158 1738 ὕστερον,
1175 1636 1389 1738 ἐτύφλωσεν

269 1761 415 1841 ἑαυτόν.
458 1763 646 1857 Ἐτεοκλῆς
678 1757 719 1836 δέ
745 1757 809 1834 καί
841 1754 1082 1854 Πολυνείκης,
1113 1751 1287 1840 θέλοντές
1310 1785 1390 1842 πως

269 1879 452 1979 ἀφανίσαι
476 1880 521 1955 τὸ
547 1876 701 1968 όνειδος,
727 1859 1007 1952 κατακλείουσιν
1031 1872 1149 1951 αάτὸν
1167 1877 1209 1950 ἐν
1224 1873 1391 1974 οἰκίσκῳ,

268 1999 313 2076 ἵν’
342 1997 416 2075 ἀπὸ
440 1995 601 2094 μηδενὸς
624 1988 886 2094 θεωρούμενος
911 1996 961 2076 εἰς
986 1988 1109 2090 λήθην
1131 1991 1212 2090 ἥξοι
1235 1992 1279 2070 τὸ
1302 1991 1386 2068 κατ’

181 2106 183 2110 ’
269 2114 422 2192 ἐκείνου.
448 2113 512 2191 καί
537 2114 577 2198 ὃς
601 2118 714 2188 τοῦτο
738 2106 994 2214 ὑπεραλγήσας
1011 2110 1147 2208 ἀρᾶται
1163 2106 1391 2209 τούτοὶςτὴν

269 2229 465 2331 βασιλείαν
491 2225 631 2330 σιδήρῖρ
657 2228 816 2330 μερίσαι.
844 2230 879 2304 οἰ
903 2226 945 2304 δέ
970 2227 1038 2312 τὰς
1061 2235 1130 2303 τοῦ
1143 2228 1282 2328 πατρὸς
1295 2228 1391 2327 ἀρὰς

270 2347 432 2434 δεδιότες
456 2356 699 2449 μηχανῶνται
723 2343 888 2424 τοιόνδε·
916 2347 1069 2443 ἔχεσθαι
1092 2354 1158 2446 τὴς
1182 2347 1298 2446 ἀρχῆς
1323 2350 1390 2424 ἕνα

269 2469 353 2568 παρ’
382 2469 449 2545 ἕνα
473 2467 537 2544 καί
559 2463 697 2564 ταύτης
720 2469 958 2567 παραχωρεῖν
989 2457 1141 2563 θατέρῳ
1164 2462 1342 2563 θάτερον.
1367 2464 1390 2541 ὃ

269 2586 400 2664 τοίνυν
423 2585 625 2683 Ἐτεοκλής,
658 2584 722 2660 ἅτε
753 2591 900 2684 πρῶτος
935 2581 992 2661 σ’ίν
1029 2590 1097 2658 τοῦ
1130 2581 1297 2681 ἀδελφοῦ
1327 2582 1392 2658 καί

269 2712 416 2801 πρῶτος
446 2711 511 2800 τὴς
543 2704 658 2803 ἀρχῆς
680 2702 817 2801 ἡφατο,
845 2700 1073 2798 Πολυνείκης
1098 2697 1141 2777 δέ
1165 2697 1389 2802 ὑπεχώρησε,

269 2822 333 2896 καί
356 2819 594 2902 τελεσθέντος
625 2823 799 2894 ἐνιαυτοῦ
824 2816 979 2916 ἀφίκετο
1003 2818 1095 2918 πρὸς
1118 2818 1187 2896 τὸν
1212 2816 1390 2918 ἀδελφόν,

271 2942 390 3013 αἰτῶν
414 2935 477 3012 καί
503 2934 616 3020 αὐτὸς
641 2935 765 3034 ἄρξειν
790 2929 973 3012 ἐνιαυτόν.
1027 2935 1215 3034 Ἐτεοκλῆς
1238 2935 1280 3011 δέ
1306 2937 1390 3012 οὔτε

271 3053 393 3151 ἐξέστη
418 3061 483 3150 τῆς
508 3059 623 3151 ἀρχῆς
647 3053 710 3130 καί
735 3054 871 3151 ἄτιμον
893 3052 962 3130 τὸν
977 3049 1144 3153 ἀδελφὸν
1164 3054 1389 3154 ἀπόπεμψιν.

271 3172 311 3256 ὃς
335 3170 400 3247 καί
424 3168 665 3272 πλανώμενος
687 3169 807 3270 ἡλθεν
832 3176 882 3256 εἰς
898 3172 1042 3275 Ἄργος,
1067 3171 1131 3247 καί
1154 3171 1305 3270 τὴντοῦ
1317 3175 1391 3271 βα-

271 3290 398 3375 σιλέως
422 3287 631 3387 Ἀδράστου
665 3289 796 3389 λαβὼν
827 3289 1021 3392 θυγατέρα
1045 3287 1168 3364 πείθει
1191 3289 1260 3367 τὸν
1283 3290 1391 3388 κηδε-

271 3405 365 3502 στὴν
389 3403 633 3503 συνάρασθαι
656 3403 777 3504 τούτῳ
803 3405 895 3505 πρὸς
917 3405 987 3506 τὴν
1010 3415 1077 3505 τῆς
1089 3407 1281 3508 βασιλείας
1298 3405 1392 3484 ἀνά-

271 3528 399 3618 ληψιν.
431 3521 496 3595 καὶ
527 3521 701 3619 πλείστην
732 3521 825 3620 ὅσην
850 3511 1084 3624 παραλαβών
1109 3521 1289 3625 στρατιάν
1313 3527 1391 3600 ἐπι-

274 3633 463 3735 στρατεύει
487 3646 541 3736 τῷ
568 3638 732 3739 ἀδελφῷ.
759 3639 859 3725 ὅπως
883 3639 924 3716 δέ
949 3639 1106 3741 ἡμήτηρ
1120 3642 1302 3718 ἐθέλουσα
1318 3643 1390 3741 πρὸ

271 3762 336 3852 τῆς
368 3762 579 3855 συμπλοκῆς
610 3754 802 3843 διαλλάξαι
833 3757 921 3844 τούς
954 3760 1091 3864 παῖδας
1114 3759 1227 3838 οὐδὲν
1250 3765 1390 3856 ἴσχυσε,

273 3873 337 3949 καί
369 3871 420 3957 ὥς
455 3875 583 3972 ἔχρησε
612 3874 814 3976 Τειρεσίας,
834 3882 867 3952 εἰ
891 3875 912 3952 ὁ
937 3878 1119 3978 Κρέοντος
1142 3877 1223 3962 υίὸς
1248 3885 1391 3954 Μενοι-

273 3990 358 4075 κεύς
390 3990 513 4066 ἀνέλοι
545 3993 681 4071 ἑαυτὸν
713 3995 772 4070 ἐπί
802 3993 871 4071 τὸν
900 4002 970 4069 τοῦ
1001 3993 1206 4095 δράκοντος
1230 3994 1389 4095 φωλεόν,

240 4213 245 4220 .
272 4106 470 4208 κρατήσειν
494 4109 674 4213 Ἀργείων
706 4110 905 4210 θηβαίους,
936 4112 1001 4187 καί
1031 4112 1083 4197 ὥς
1105 4113 1234 4217 γέγονε
1256 4123 1390 4203 ταῦτα,

273 4225 337 4302 καί
362 4227 398 4300 οἱ
421 4233 502 4303 τῶν
519 4227 698 4331 Ἀργείων
719 4225 896 4331 ἡγεμόνες
919 4224 1131 4306 πεπτώκασι
1149 4229 1284 4316 πάντες
1295 4231 1390 4328 πλὴν

266 4338 495 4438 Ἀδράστου,
530 4345 594 4420 καί
632 4345 683 4430 ὥς
722 4343 1052 4445 μονομαχήσαντες
1090 4347 1183 4449 πρὸς
1213 4347 1391 4447 ἀλλήλους

269 4456 460 4544 Ἐτεοκλάς
475 4460 539 4537 καί
558 4459 788 4558 Πολυνείκης
810 4462 869 4539 ἀπ’
898 4462 1068 4542 ἀλλήλων
1080 4463 1245 4566 ἑκάτεροι
1257 4465 1390 4567 ἀνῃρέ·
