3026 5134
727 237 731 244 ’
773 227 831 340 ιε

246 453 491 555 χρυσηλάτοις
516 454 728 556 πόρπαισιν,
743 459 904 560 αἱμάξας
927 459 1051 559 κόρας.
1136 469 1141 476 ’

249 582 326 656 ἐπεὶ
351 581 392 658 δὲ
417 583 557 661 τέκνων
580 584 691 687 γένυς
715 589 818 684 Ιμῶν
843 584 1042 679 σκιάζεται,

249 705 428 807 κλῄθροις
452 712 622 811 ἔκρυψαν
646 712 791 813 πατέρ’,
815 713 866 790 ἵν’
897 693 1083 812 ἀμνήμων
1106 711 1199 814 τύχη

103 880 109 884 -
196 836 412 938 ςςγένοιτο,
437 845 585 915 πολλῶν
609 837 765 938 δεομένη
784 838 1047 940 σοφισμάτων.

226 961 328 1054 -ζῶν
353 962 391 1037 δ’
420 960 495 1038 ἔστ’
525 966 723 1054 ἐνοίκοις,
748 965 841 1065 πρὸς
865 965 916 1044 δὲ’
931 977 997 1067 τῆς
1019 965 1132 1067 τύχης
1155 977 1281 1047 νοσῶν

250 1087 344 1187 ἀρὰς
369 1089 506 1186 ἀρᾶται
531 1091 661 1167 παισὶν
685 1089 954 1183 ἀνοσιωτάτας,

249 1218 381 1313 θηκτῷ
408 1212 548 1315 σιδήρῳ
573 1215 686 1317 δῶμα
711 1219 901 1317 διαλαχεῖν
925 1217 1022 1298 τόδε.
1133 1271 1135 1276 -

250 1338 305 1415 τιὸ
330 1339 367 1416 δ’
398 1346 448 1425 sic
472 1339 599 1442 φόβον
623 1341 776 1422 πεσόντε
800 1344 853 1444 μὴ
877 1345 1114 1447 τελεςφίρους

199 1488 241 1549 70
251 1464 361 1563 εάχδις
385 1467 470 1542 θεοῖ
493 1468 699 1568 κραίνωσιν
724 1467 930 1551 οἰκούντων
954 1472 1063 1569 ὁμοῦ,

213 1591 434 1692 [ξυμβάντ’
465 1597 598 1682 ἔταξαν
621 1596 690 1675 τὸν
714 1595 896 1698 νεώτερον
920 1597 1039 1696 πάρος

250 1717 401 1824 φεύγειν
426 1718 558 1798 ἑκόντα
582 1720 693 1821 τήνδε
719 1724 953 1823 Πολυνείκην
975 1723 1117 1822 χθόνα,

242 1847 428 1923 Ἐτεοκλέα
453 1847 495 1924 δὲ
521 1851 674 1948 σκῆπτρ’
704 1852 800 1946 ἔχειν
824 1853 986 1949 μένοντα
1011 1860 1078 1954 γῆς

252 1973 425 2051 ἐνιαυτὸν
451 1971 685 2052 ἀλλάσσοντῗ
711 1975 788 2052 ἐπεὶ
813 1976 850 2052 δ’
880 1977 940 2052 ἐπὶ
965 1978 1090 2081 ζυγοῖς

199 2101 421 2192 75καθίζετ’
451 2101 584 2202 ἀρχῆς,
611 2101 656 2178 οὐ
679 2102 906 2200 μεθίσταται
930 2102 1099 2204 θρόνων,
1165 2197 1168 2202 ¹
1289 2197 1293 2204 ,

251 2224 407 2332 φυγάδα
424 2227 461 2303 δ’
492 2228 641 2303 ἀπωθεῖ
663 2229 770 2326 τῆςδε
796 2229 1031 2328 Πολυνείκην
1052 2228 1207 2327 χθονός.

251 2353 272 2430 δ
298 2352 334 2428 δ’
358 2356 488 2458 ’Άργος
512 2351 657 2450 ἐλθών,
682 2354 794 2454 κῆδος
812 2354 1020 2458 Ἀδράστου
1046 2353 1189 2458 λαβών,

250 2479 391 2579 πολλὴν
416 2481 601 2582 ἀθροίσας
626 2482 754 2559 ἀσπίδ’
776 2483 955 2587 Ἀργείων
980 2485 1081 2586 ἀγει·Ι

335 2789 386 2852 64.
415 2783 577 2871 Κλήθροις
602 2812 649 2870 pru
676 2793 782 2869 vulgato
810 2787 964 2872 κλείθροις
990 2791 1114 2854 dederuut
1127 2793 1207 2862 Flos.
1229 2793 1280 2855 33.
1302 2795 1371 2856 Ven.

250 2880 292 2937 ab.
335 2877 470 2934 Disseruit
489 2875 521 2932 de
540 2875 583 2934 his
604 2878 697 2934 formis
717 2876 845 2936 Matthiae
866 2876 947 2936 adh.
969 2879 988 2940 Ι.

336 2956 388 3064 65.
410 2959 584 3019 scholiastes:
614 2954 682 3038 ητοι
710 2961 824 3039 πολλης
846 2957 973 3040 δεομένη
993 2983 1133 3042 μηχανης
1155 2955 1231 3044 πρὸς
1257 2957 1293 3022 τδ
1314 2961 1372 3022 λἀ-

251 3039 369 3118 θεῖν,’
357 3065 376 3122 η
405 3044 526 3104 πολλῶν
553 3041 759 3147 παραινέσεων
785 3044 836 3106 καὶ
864 3045 978 3125 πολλης
1007 3044 1211 3127 παραμυθίας
1237 3042 1350 3107 διὰ
1315 3069 1372 3128 την

251 3087 424 3209 ἀπερίβολην
444 3131 500 3190 τοῦ
523 3119 656 3204 πάθους.
678 3130 771 3191 Potius
793 3136 919 3211 respicere
940 3132 1042 3192 videtur
1061 3133 1163 3192 Iocasta
1183 3131 1217 3192 ad
1237 3133 1294 3214 iila,
1306 3154 1371 3210 quae

251 3219 279 3276 iu
300 3217 396 3288 cyclica
421 3215 504 3274 Iliade
531 3221 649 3293 exposita
675 3217 789 3288 fuerunt,
809 3217 878 3278 uude
900 3216 1025 3294 quaedam
1047 3217 1122 3277 affert
1143 3217 1302 3278 scholiastes
1324 3218 1370 3277 Sc·

249 3300 350 3377 phociis
371 3299 405 3358 ad
427 3299 493 3360 0ed.
515 3299 572 3360 cor.
596 3298 688 3360 1375.

337 3384 388 3443 70.
408 3383 477 3442 Eut.
499 3391 561 3444 vett.
582 3385 655 3446 Flor.
679 3384 729 3445 33.
751 3377 870 3489 Ητιηῧ
831 3375 939 3467 ,αράς
973 3383 1162 3445 Caetericcrld.
1175 3385 1369 3466 etMoschopu·

251 3471 295 3528 lus
323 3468 357 3526 au
377 3468 540 3528 HesiodiO
542 3470 649 3530 ..εΙΙΙ
668 3465 785 3530 538.’
754 3461 854 3548 ευχάς.
887 3469 1038 3530 Brunclrius
1059 3489 1074 3527 e
1094 3470 1214 3530 Dawesii
1234 3479 1370 3550 praecepto

252 3557 374 3631 scripsit
387 3549 476 3632 κραίν
459 3573 546 3613 ν.οιεν
588 3556 723 3614 Porscuus
749 3575 802 3614 nou
829 3574 930 3630 semper
957 3559 1117 3614 observatum
1141 3575 1156 3614 a
1177 3557 1285 3636 tragicis
1304 3554 1371 3612 hauc

251 3639 368 3717 regulam
390 3657 460 3714 esse,
482 3637 610 3698 Matthiae
631 3650 691 3718 post
711 3643 789 3698 verba
809 3639 916 3698 timendi
937 3658 1016 3718 saepe
1038 3643 1228 3700 ccuiunctirum
1240 3659 1286 3716 pro
1300 3633 1370 3718 opta·

252 3728 306 3784 ΙΙιο
323 3727 391 3800 poni,
414 3722 572 3784 Schaei'erus
594 3744 627 3782 ne
648 3729 766 3801 putuisse
791 3723 892 3800 quidem
915 3727 1014 3781 servari
1034 3725 1152 3786 Dauesii
1174 3725 1302 3824 reguiam,
1327 3726 1371 3781 ubi
1488 3717 1489 3748 r

253 3812 376 3880 acrirtus,
392 3816 422 3866 ut
439 3807 490 3878 hic,
507 3811 676 3885 perfectivum
698 3808 801 3877 habeat,
823 3806 921 3866 dicunt.
959 3806 1033 3872 Quae
1049 3812 1137 3868 omnia
1153 3817 1215 3866 sunt
1238 3811 1276 3866 rei
1293 3811 1370 3865 ratio·

251 3913 311 3954 uem
332 3913 386 3952 ιιοιι
406 3896 629 3971 perspicientium,
650 3899 811 3968 maximeque
836 3889 969 3950 Schaeferi
987 3901 1169 3972 commentum,
1188 3891 1257 3968 quod
1281 3900 1322 3950 est
1339 3893 1370 3948 ab
1460 3879 1468 3890 ’

252 3977 377 4038 hocloco
404 3979 602 4037 alienissimum.
654 3978 759 4053 Duplex
777 3979 843 4034 ratio
871 3983 911 4032 est
932 3982 1089 4039 coniunctivi
1110 3998 1155 4054 pru
1178 3979 1290 4056 optative
1313 3987 1371 4052 post
1488 3983 1489 3990 ’

251 4067 390 4141 praeterita
411 4065 569 4140 imperfecta,
579 4060 839 4139 plusquamperfecta,
861 4062 1055 4140 aoristapusit'r‚
1039 4069 1127 4120 ιΙιιιιι
1140 4061 1184 4120 ιιΙιΙ
1203 4069 1277 4118 sueta
1289 4061 1370 4118 Grae·

253 4151 292 4206 cis
314 4149 444 4208 celeritate
465 4147 610 4224 cogitandi·
618 4162 743 4221 praesens
763 4146 901 4220 praeterito
925 4148 1098 4217 substituitur,
1119 4153 1173 4204 tum
1197 4148 1241 4204 ubi
1262 4152 1371 4204 euentus

252 4235 400 4290 etiamnunc
421 4238 593 4308 exspectatur.
623 4230 664 4286 Ita
684 4227 728 4286 hic
749 4223 912 4310 κραίνωσιν
933 4229 1038 4300 dicium,
1061 4235 1122 4308 quia
1142 4227 1255 4288 noudum
1278 4233 1371 4297 evenit,

253 4336 340 4418 quum
361 4319 476 4391 loquitur
501 4316 611 4383 Iocasta,
636 4312 705 4388 quod
730 4313 793 4370 iun
814 4317 969 4392 imprecatur
996 4323 1051 4374 erat
1073 4312 1197 4392 Oedipus.
1246 4313 1370 4374 Dativuun

254 4391 423 4543 cdixcciuppm
447 4401 524 4456 scribi
537 4397 819 4458 volebatElmsieius'
812 4419 839 4458 ru
851 4400 1001 4480 Supplicum
1023 4420 1041 4460 a
1061 4419 1102 4458 me
1123 4397 1248 4458 editarum
1261 4417 1372 4455 censura

250 4504 265 4543 a
303 4506 322 4544 τ
