2994 5128
669 305 740 378 161

540 504 602 577 01
607 503 672 574 ΔΙ
680 505 721 576 Π
728 503 761 576 0
775 507 854 576 ΥΣ.

242 653 303 726 ἴθ’
334 651 427 726 ἄλλά
452 649 609 751 βρόμιος
631 652 696 726 ἵνα
722 677 761 724 τε
787 675 850 748 ση-

242 777 306 863 ιιὸς
331 779 472 876 ἄβατος
497 778 598 876 όρεσι
622 773 834 873 μαινάδων.

533 983 569 1050 Α
577 981 617 1052 Ν
624 979 683 1052 TI
688 980 809 1054 ΓΟΝ
812 983 861 1050 Η.

227 1125 293 1230 ζ’.
397 1121 642 1227 Καδμείανῷ
716 1123 719 1130 ’

394 1253 552 1354 νεβρίδα
577 1254 879 1351 στολιδωσαμένα
903 1251 985 1329 πότ’
1016 1256 1088 1358 ἐγώ

395 1380 562 1476 Σεμέλας
584 1379 686 1479 ἱερὸν

243 1504 383 1581 θίασον
409 1507 532 1604 ὄρεσιν
562 1501 800 1602 ἀνεχόρευσα,

239 1627 353 1730 χάριν
380 1628 559 1728 ἀχάριτον

244 1763 294 1842 είς
318 1756 432 1842 θεοὺς
457 1756 626 1831 διδοῦσα.

544 1960 768 2037 ΟΙΔΙΠΟ
783 1964 864 2032 ΥΣ.

144 2110 175 2188 ὦ
202 2110 343 2211 πάτρας
367 2120 509 2210 κλεινῆς
533 2117 698 2202 πολῖται,
725 2105 905 2200 λεύσσετ’,
936 2108 1114 2196 Οἰδίπους
1139 2113 1215 2204 (icis,

143 2242 185 2324 ὃς
209 2236 323 2335 μόνος
348 2239 521 2344 Σφιγγὸς
544 2238 723 2332 κατέσχον
748 2246 812 2334 τῆς
836 2233 1041 2346 μιαιφόνου
1066 2235 1196 2336 κράτη,

142 2495 395 2506 ..a—w

232 2677 324 2742 1765.
345 2684 426 2741 Pauci
447 2684 506 2740 libri
523 2680 575 2741 ‘ire
596 2701 643 2760 ys,
666 2681 734 2759 qrrrrcl
755 2701 832 2782 quum
855 2681 1053 2753 Valckenarius,
1074 2703 1155 2758 quernv
1170 2685 1263 2742 melius
1379 2674 1383 2688 ⁵

147 2769 240 2829 callere
268 2788 411 2826 sermonem
439 2773 566 2843 poeticum
595 2769 734 2845 oportebat,
761 2771 818 2824 sine
846 2773 1021 2824 controversia
1042 2771 1183 2846 genuinum
1204 2789 1263 2828 esse

148 2858 349 2932 pronuntiasset,
372 2861 521 2929 receperunt
541 2852 691 2911 Brunckius
713 2859 739 2908 et
760 2852 904 2909 Porsonus.

151 2985 153 2990 ·
235 2953 327 3013 1769.
354 2953 429 3011 Libri
454 2949 649 3056 Σεμέλαςθ
625 2946 777 3012 θίασον
765 2943 855 3030 ιερόν.
906 2951 1042 3010 Personus
1069 2915 1145 3011 metri
1172 2974 1265 3012 caussa

147 3035 259 3099 θίασον
286 3032 463 3114 Σεμέλαςε
453 3029 543 3115 ιιρόν.
586 3036 641 3094 Aut
669 3043 715 3108 sic,
746 3045 791 3094 aut
812 3031 980 3112 Σεμέλας“
970 3031 1049 3112 ιιρόν
1069 3033 1184 3098 θίασον
1204 3044 1265 3096 scri-

148 3123 269 3183 bendum.
311 3124 428 3182 Praetuli
449 3121 499 3179 hoc
520 3125 657 3197 posterius,
676 3127 828 3199 praesertim
851 3142 929 3197 quum
951 3115 1078 3200 icpbr3
1078 3118 1166 3183 ίασον
1187 3128 1263 3182 etiam

149 3216 176 3268 in
197 3210 396 3267 scholiastarurn
417 3208 669 3282 interpretationibus
690 3207 800 3284 legatur.

236 3262 1269 3418 1771.·vu1go’op‹tproroo.Duotrtribpopo.uxoreae-Elor-

151 3407 194 3461 leii
217 3405 248 3461 ad
272 3403 355 3480 lphig.
373 3402 456 3459 Taur.
478 3397 550 3460 566.
572 3398 805 3456 emendationeL.
827 3393 1017 3458 Diodorfius'
1001 3395 1155 3480 αχάριτον.

238 3511 330 3570 1773.
357 3510 459 3589 Vulgo·
489 3496 513 3568 ὦ
540 3503 658 3585 πάτρας
685 3505 793 3566 κλεινοὶ
816 3510 946 3569 πολιται.
989 3510 1124 3569 Ροιεοιιιιε
1146 3533 1202 3571 curu
1225 3534 1268 3591 pa·

153 3597 288 3673 raphrasta
315 3604 340 3653 et
367 3596 424 3654 eod.
453 3595 538 3652 Mose.
568 3591 692 3669 κλεινῆς.
742 3591 811 3669 Aug.
839 3597 865 3651 b.
894 3596 1018 3666 κλεινᾶς,
1062 3596 1221 3673 Sequebatur
1242 3605 1268 3656 in

151 3684 223 3740 libris
243 3682 285 3738 hic
305 3699 413 3740 versus:

259 3759 292 3836 ὃς
313 3763 352 3824 τὰ
374 3759 464 3824 κλείν’
490 3754 643 3839 αίνίχματ’
669 3753 744 3840 ἴχνια
766 3757 814 3817 καί
836 3757 977 3840 μέγιστος
999 3751 1036 3841 ἦν
1056 3759 1150 3846 ἀνήρ,

154 3855 198 3928 qui
219 3859 306 3926 aperte
333 3871 366 3908 ex
387 3852 437 3908 fine
460 3848 552 3925 Oedipi
574 3849 656 3926 Regis
678 3845 822 3920 adscriptus
844 3846 903 3905 fuit.
952 3849 1003 3907 Sed
1024 3851 1214 3911 Valckenarius
1235 3861 1270 3913 si·

155 3937 209 3993 mul
247 3939 322 3992 ctiam
358 3934 548 4012 praecedentem
580 3951 683 3990 versum
719 3951 763 4008 pro
797 3933 884 4005 spurio
916 3932 1019 4005 habuit,
1058 3958 1133 4013 quern
1166 3945 1271 3998 secutus

131 4020 303 4079 'Brunckius
324 4030 460 4098 utrumqne
482 4022 579 4076 eruisit.
614 4019 703 4076 Sensit
723 4014 750 4071 id
772 4019 886 4090 ineptum
909 4035 968 4074 esse
988 4019 1132 4093 Porsonus,
1153 4032 1271 4101 recteque

153 4110 267 4166 servavit
287 4111 406 4182 priorem.

242 4213 334 4272 1774.
363 4216 437 4272 Libri
463 4208 497 4284 ὃς
524 4207 617 4288 μόνος
645 4206 779 4292 Σφιγγὸς
799 4209 955 4286 κατέσχον.
1003 4213 1123 4277 Barnosii
1148 4218 1271 4278 iudicium

157 4301 238 4355 secuti
259 4297 458 4367 Valckenarius,
478 4299 636 4368 Bruuckius,
656 4299 802 4374 Personas,
823 4297 998 4355 volubiliorenr
1021 4321 1153 4362 numerum
1177 4308 1216 4362 sic
1237 4307 1273 4364 ef·

156 4383 200 4440 fici
221 4386 344 4458 putantis,
366 4377 500 4461 Σφιγγός
522 4375 556 4454 ὃς
575 4375 669 4458 μόνος
690 4378 837 4460 κατέσχον
858 4385 1025 4458 scripserunt.
1054 4385 1116 4444 Non
1137 4390 1275 4448 volubilior

148 4466 187 4525 'fit
214 4485 338 4536 numeres
368 4469 418 4524 ista
439 4467 606 4527 collocatione
627 4471 771 4542 verborum,
790 4466 838 4526 sel
859 4471 971 4538 suavior,
993 4470 1061 4546 quod
1082 4493 1133 4530 non
1162 4483 1200 4531 ter
1226 4479 1274 4533 snb

155 4561 209 4615 ictu
232 4572 266 4622 ος
290 4563 339 4609 est.

204 4641 370 4698 Euarerurs
392 4639 570 4696 Phoenissae.
1037 4638 1073 4702 ll
