3022 5140
662 318 699 370 lx

120 511 201 585 quas
225 509 323 560 nemo
348 509 406 560 eos
428 483 468 558 in
494 490 603 558 mente
629 483 785 558 babuisse
810 484 981 579 crederet,
1013 487 1070 562 sed
1094 494 1231 586 tragoe-

119 602 208 680 diam
239 603 271 676 si
301 603 450 676 scribere
476 602 620 693 uellent,
650 608 878 698 argumentum
907 603 1232 703 circumspiciebant,

120 719 207 818 quod
232 727 354 794 metum
389 728 423 792 et
455 719 700 792 miserationem
735 719 895 794 excitare.
908 731 1042 819 possete
1072 709 1162 821 quali
1185 724 1232 798 'in

121 846 316 934 argumento
343 835 497 933 eligendo
527 835 700 934 probabile
727 843 778 908 est
803 861 861 910 eos
887 862 974 912 nuuc
998 838 1104 937 ipsius
1129 864 1233 937 argu·

119 953 222 1026 menti
248 977 288 1025 ea
312 953 476 1048 gravitate
502 961 536 1027 et
569 951 813 1058 commoditate,
840 978 924 1051 quae
950 956 1122 1030 victoriam
1148 982 1232 1056 pro·

121 1071 279 1162 mitteret,
305 1094 394 1144 nunc
420 1070 654 1162 aemulatione,
676 1079 720 1170 utx
734 1082 929 1169 superarent
948 1074 1032 1146 alios
1058 1074 1093 1146 in
1115 1073 1232 1150 eadem

120 1211 157 1258 re
179 1186 287 1259 minus
305 1187 450 1262 feliciter
475 1197 636 1279 versatos,
663 1213 751 1261 nuno
771 1197 954 1287 temporum
969 1191 1098 1266 ratione
1115 1190 1234 1266 ductos

121 1329 208 1396 esse,
233 1303 288 1377 cui
310 1305 400 1378 aliud
417 1330 497 1405 prae
519 1305 585 1378 alio
604 1315 797 1402 argumento
813 1307 1017 1381 conveniret.
1065 1307 1234 1400 Quocirca

120 1423 391 1498 Andromacbam
419 1424 474 1496 vir
501 1422 645 1495 dubitari
665 1432 775 1521 potest
797 1425 877 1521 quin
902 1423 979 1498 odio
1003 1423 1232 1499 Lacedaemo·

121 1541 251 1612 niorum
282 1541 455 1640 scripserit
482 1539 684 1637 Euripides,
716 1540 810 1612 caius
841 1540 890 1613 rei
928 1565 1026 1637 quum
1057 1521 1234 1639 apertissi-

122 1683 195 1732 mae
220 1659 499 1756 vituporationes,
527 1666 596 1731 tum
617 1683 726 1731 moros
755 1665 857 1731 testes
882 1667 959 1730 sunt
976 1655 1178 1735 Hermionae
1199 1670 1233 1735 et

121 1775 285 1849 Menelai.

221 1908 403 1983 Videamus
431 1935 519 1984 nuno
549 1911 711 2010 quomodo
741 1910 887 1984 fabulam
914 1909 1149 2006 composuerit.
1190 1909 1233 1984 lu

122 2029 262 2134 prologo
280 2027 515 2101 Andromacha
535 2054 647 2102 coram
666 2054 730 2102 una
746 2029 813 2101 lida
833 2027 958 2101 lamala
974 2027 1234 2102 crudelissimam

121 2154 246 2218 sortem
267 2170 360 2218 suam
387 2148 621 2244 conqueritur,
644 2147 731 2245 quod
756 2146 859 2218 nobili
889 2168 1011 2240 genere
1032 2154 1127 2239 orta,
1158 2145 1234 2220 He·

121 2266 225 2336 ctoris
242 2264 406 2361 quondam
422 2267 557 2357 coniux,
573 2274 744 2363 postquam
763 2264 917 2334 maritum
931 2261 973 2332 ab
988 2262 1124 2336 Acbille
1143 2264 1233 2337 occi-

122 2405 215 2473 sum,
249 2381 354 2453 filium
384 2384 621 2480 Astyanactem
648 2381 796 2456 deterri
823 2379 1074 2478 praecipitatum
1102 2380 1234 2475 viderit,

122 2521 218 2571 serva
238 2506 273 2571 et
298 2501 484 2572 concubino
497 2498 711 2600 Neoptolemi
727 2500 828 2591 lacta,
847 2497 984 2593 filioque
1006 2520 1050 2568 ex
1066 2521 1106 2571 eo
1119 2499 1233 2593 genito

122 2616 165 2688 ad
191 2616 335 2714 aliquam
359 2619 472 2692 solatii
502 2644 593 2716 spem
620 2628 752 2709 erecta,
778 2618 821 2689 ab
840 2613 1036 2704 Hermiona,
1060 2638 1155 2714 quam
1174 2615 1234 2690 ille

121 2760 260 2808 uxorem
287 2735 439 2830 duxerit,
471 2738 632 2809 malarum
656 2736 796 2827 artium,
826 2733 945 2832 quibus
979 2755 1053 2804 eam
1086 2733 1235 2807 sterilem

122 2853 244 2945 faciat,
269 2853 498 2947 insimuletur,
526 2855 691 2952 mortique
717 2861 751 2927 et
775 2854 817 2925 ab
840 2853 915 2950 ipsa
940 2859 975 2924 et
1001 2875 1022 2922 a
1048 2857 1142 2948 patre
1163 2853 1235 2928 eius

122 2971 301 3064 Menelao,
334 2971 390 3068 qui
415 2970 458 3042 ad
484 2969 517 3042 id
541 2969 668 3070 Sparta
692 2972 838 3064 venerit,
870 2971 915 3044 sit
939 2969 1122 3061 destinata,
1144 2969 1235 3043 -dum

121 3088 363 3188 Neoptolemus
379 3088 523 3186 Delpbis
545 3098 646 3181 esset,
674 3097 817 3162 veterem
843 3089 878 3159 iu
903 3087 999 3160 deum
1015 3088 1148 3184 culpam
1170 3113 1235 3162 ox·

119 3209 292 3305 'piatorust
324 3230 425 3302 quare
457 3230 513 3297 se,
543 3206 615 3279 filio
642 3207 709 3278 alia
741 3207 777 3278 io
812 3205 908 3278 domo
936 3203 1151 3297 abscondito,
1192 3206 1235 3278 ad

123 3324 282 3398 Tbctidis
305 3325 462 3396 sacellum
490 3321 689 3419 confugisse.
741 3321 884 3395 Famula
916 3319 958 3392 ad
986 3321 1070 3394 baec
1090 3327 1235 3420 responss

124 3443 200 3535 det,
240 3443 442 3539 corruperisse
471 3440 575 3514 videri
602 3439 794 3513 Menelaum
811 3439 880 3512 ‚ubi
910 3438 1033 3512 lateret
1062 3465 1164 3538 puer,
1193 3439 1236 3514 ad

124 3585 264 3657 eumque
298 3557 525 3632 adducendum
562 3559 681 3633 abisse.
745 3558 836 3631 lliue
869 3582 955 3631 novo
984 3558 1103 3632 timore
1135 3559 1237 3632 anxia

123 3686 229 3750 mater
253 3676 410 3748 laroulam
444 3681 561 3774 rogat,
582 3685 619 3750 ut
640 3676 714 3776 ipsa
732 3677 839 3750 Peleo
860 3676 944 3750 baec
958 3678 1149 3751 nunciatum
1169 3687 1236 3771 eat,

124 3795 165 3866 ad
196 3819 290 3893 quem
315 3793 375 3865 alii
403 3793 528 3866 lrustra
550 3795 643 3868 missi
672 3794 797 3868 luerint
823 3795 950 3869 nuncii.
1008 3795 1104 3868 llaec
1126 3795 1237 3868 omnia

124 3913 247 4010 optime
278 3921 312 3986 et
341 3913 476 3985 inuenta
506 3920 539 3985 et
570 3913 724 4011 exposita
748 3921 846 4005 sunt,
872 3914 1114 4010 prudenterque
1137 3912 1237 3985 etiarn

123 4054 243 4122 nuum,
269 4053 388 4127 neque,
411 4039 448 4102 ut
468 4031 527 4103 alii
551 4032 751 4128 scriptores,
783 4037 853 4102 tres
884 4029 973 4101 lilios
1004 4053 1078 4102 esse
1099 4027 1238 4101 Andro·

121 4148 259 4221 macbae
286 4147 376 4221 lecit.
433 4147 520 4220 Nam
553 4147 593 4220 ad
624 4145 879 4218 abstrahendum
905 4170 949 4218 ex
968 4145 1046 4217 lano
1078 4144 1239 4220 Tbetidis

120 4268 204 4343 satis
221 4275 294 4341 erat
314 4290 412 4359 uuus,
436 4291 542 4364 neque
563 4289 645 4365 opus
665 4263 829 4364 pluribus.

210 4407 386 4508 ¹Sequitur
406 4408 542 4506 egregia
559 4407 695 4506 querela
715 4401 972 4483 Andromacbae
998 4405 1145 4480 uersibus
1165 4409 1239 4498 ele·
