2996 5136
626 435 699 508 147

208 622 315 695 ἔκανε
339 619 502 717 Φοῖβος,
538 619 632 694 ὅθεν
652 618 799 694 Λακαί-

207 771 257 842 νηι
282 751 333 844 χᾷ
355 740 552 841 βούθυτον
573 743 718 842 ἁμέραν

210 869 230 944 ὃ
257 867 347 952 Διὸς
371 867 446 942 simo
473 868 596 966 σέβειν
620 865 740 971 μόνος,

205 990 353 1092 μόσχον
376 993 429 1080 θ’,
463 993 512 1066 tto
537 993 684 1088 λιπέτην
708 997 818 1075 σίκαις

232 1149 253 1189 hh
304 1145 325 1188 M
374 1144 395 1186 hh
446 1143 466 1185 id
517 1143 536 1185 hi
587 1144 607 1186 dh
658 1145 677 1186 hi

204 1241 250 1336 ἇς
275 1245 380 1320 οὔπω
405 1247 538 1318 πεῦκαι
563 1241 635 1340 πρὸ
661 1239 796 1344 χάμαιν
816 1237 1005 1342 ἔλαμψαν.

104 1528 188 1602 dem,
211 1539 244 1588 ut
262 1526 392 1602 ridetur,
416 1529 549 1592 incuria:
581 1524 679 1608 τρόχηι
700 1526 829 1607 είρμονα
850 1529 966 1594 δίσκου.
1006 1530 1093 1605 Mihi,
1115 1554 1211 1614 qoam-

104 1634 187 1692 qnam
210 1614 235 1671 si
260 1610 528 1692 ἐξαμιλλησάμενος
551 1615 649 1691 τροχῷ
669 1610 798 1692 τέρμονα
820 1611 925 1674 dinnao
947 1614 1100 1688 serihitur,
1129 1619 1211 1696 pinna

105 1709 149 1756 est
170 1697 323 1767 sententia,
342 1706 433 1756 manen
452 1707 567 1775 propter
584 1695 736 1775 posituram
760 1695 956 1756 uerborum'et
979 1698 1209 1761 consuetudinem

104 1778 269 1859 Euripidis,
294 1779 408 1838 venhum
428 1777 496 1838 iliud
522 1777 557 1838 de
579 1796 613 1838 eo
635 1777 682 1858 apri
703 1779 826 1838 vincitur
846 1790 895 1843 aut
917 1792 1093 1859 expugnetur
1113 1781 1210 1845 dicere

105 1863 245 1934 amantis,
279 1860 549 1942 ἐξαμιλλησάμενος
569 1881 631 1920 eum
656 1858 692 1923 όν
713 1862 937 1942 coniungendam
964 1873 1046 1942 atque
1073 1863 1110 1924 ad
1131 1867 1212 1948 Hya·

105 1947 231 2006 cinthum
257 1943 370 2006 videtur
396 1943 575 2006 referendum
603 1963 679 2004 esse.
731 1944 829 2018 Quane
852 1945 922 2007 nihii
943 1945 1101 2007 mutandum
1130 1948 1208 2010 duxi.

106 2028 202 2090 Credo
227 2029 303 2088 enim
324 2028 456 2089 audacius
478 2029 619 2108 loquutum
638 2047 705 2088 esse
728 2040 858 2106 poetam,
885 2041 917 2092 ut
936 2031 1110 2094 substantivo
1132 2045 1211 2112 pote·

106 2123 207 2172 statem
230 2111 370 2171 tribueret
391 2110 540 2183 adiectivi,
571 2112 650 2193 quasi
675 2110 784 2171 diceret
806 2118 904 2195 τροχῷ
925 2115 1071 2196 τερμονίῷ
1094 2117 1210 2179 δίσκου.

106 2197 175 2256 Seio
201 2196 305 2254 inverti
336 2191 390 2254 hoo
412 2213 514 2274 posse,
548 2203 580 2254 ut
605 2199 704 2276 τροχῷ
726 2214 777 2274 pro
804 2195 946 2258 adiectivo
974 2199 1032 2269 sit,
1071 2199 1210 2278 siquidem

105 2279 283 2357 grammatici
308 2279 418 2357 τρόχον
438 2272 492 2339 τόν
519 2273 715 2356 τρεχόμενον,
746 2275 856 2355 τροχόν
883 2291 974 2339 autem
995 2276 1050 2342 τόν
1070 2283 1212 2362 τρέχοντα

106 2364 343 2441 interpretantur-2
367 2360 424 2421 uid.
447 2361 589 2422 Vaiehen.
614 2358 752 2420 animadv.
773 2359 808 2419 ad
821 2360 1000 2422 Ammonium
1018 2384 1045 2442 p.
1061 2373 1135 2426 216.
1160 2365 1211 2427 sed

107 2465 154 2510 res
172 2464 231 2524 qua
247 2443 358 2506 dania
381 2446 475 2524 agitur
495 2442 672 2504 commendat
693 2444 823 2504 aiterum.

192 2557 287 2614 1499.
330 2549 430 2612 Libri:
455 2549 539 2614 ίιιανε
556 2551 671 2630 Φοῖβος
683 2554 722 2634 τῷ
738 2550 878 2635 Λαταίνμ
899 2555 950 2636 γῷ,
969 2548 1126 2634 βούθυτον
1140 2552 1212 2634 ripi-

108 2659 171 2715 ραν.
198 2635 281 2697 Fior.
300 2644 329 2696 1.
347 2645 378 2696 2.
403 2643 496 2696 tamen
521 2633 700 2717 ἐβοάθυτον.
743 2634 884 2695 Matthiae
911 2639 949 2720 τῷ
974 2637 1055 2696 aneis
1084 2638 1210 2710 inclusit,

108 2731 136 2780 et
155 2730 222 2800 post
239 2723 282 2802 γᾷ
302 2717 410 2778 addidit
429 2718 512 2778 metri
541 2737 643 2778 eaussa
664 2718 714 2791 δέ,
743 2737 798 2798 quo
818 2739 872 2779 nee
895 2730 1013 2781 metrum
1041 2721 1210 2792 restituitur,

108 2803 269 2863 sententiae
289 2813 383 2862 autem
413 2821 468 2861 non
494 2811 560 2881 apte
584 2811 800 2863 ooaneetuntur.
844 2804 1008 2864 Tennerunt
1038 2813 1131 2863 tamen
1158 2803 1213 2868 hoe

107 2886 143 2946 L.
167 2885 334 2946 Diodoriius
361 2895 391 2946 et
411 2883 572 2963 Ptiughiua.
625 2885 684 2945 Pro
705 2887 761 2946 isto
787 2889 827 2966 τῷ
848 2885 1028 2948 scribonium
1049 2905 1116 2948 esse
1135 2885 1214 2950 iiiito

108 2969 164 3030 dixi
186 2971 216 3029 in
238 2969 414 3049 praefatione
436 2967 605 3048 Iphigeniae
626 2967 695 3029 Aut.
719 2990 747 3048 p.
769 2978 819 3033 17.

177 3080 284 3176 01495.
328 3073 405 3136 Εόό.
429 3085 497 3135 vett.
521 3073 655 3136 etoodd.
680 3073 697 3138 ό
721 3071 796 3150 Διὸς
818 3072 853 3137 d’.
895 3074 1029 3136 Deietum
1052 3073 1078 3138 δ’
1098 3097 1115 3138 a
1132 3076 1214 3138 Mus-

108 3181 217 3239 guamo.

192 3273 286 3330 1496.
329 3263 427 3324 Libri:
466 3259 580 3345 μόσχον
602 3257 635 3324 ό’
656 3260 694 3326 tto
721 3260 830 3325 λίσσετ’
856 3265 960 3338 σίκαις.
1002 3263 1110 3326 Maiam
1132 3265 1213 3326 Mus·

108 3353 198 3431 gravii
218 3351 427 3422 coniecturam,
450 3345 490 3410 άν
511 3341 635 3421 λιπόντ’,
657 3345 730 3427 quod
752 3347 790 3407 sit
809 3367 892 3430 qaum
914 3351 1093 3429 reiopaerant
1112 3347 1214 3410 Mene-

109 3436 168 3495 iaus
190 3445 221 3495 et
241 3433 373 3499 Heiena,
397 3433 452 3491 isto
472 3434 557 3492 etiam
579 3450 642 3490 eum
663 3449 751 3511 pravo
770 3443 889 3492 accentu
910 3433 1064 3505 Matthiae,
1087 3431 1124 3494 L.
1141 3432 1215 3494 ltin·

109 3516 234 3588 don-iius,
263 3515 410 3594 Phughius
432 3524 700 3594 repraesentarunt,
738 3515 792 3574 etsi
814 3515 955 3576 Matthiae
976 3518 1005 3576 in
1034 3515 1215 3578 adnotatione

109 3602 202 3681 posuit
225 3595 350 3661 timoot’.
400 3597 536 3659 Ahsurda
563 3608 607 3658 est
633 3599 717 3658 tertia
740 3617 882 3678 persona,
917 3621 954 3660 ne
980 3599 1016 3661 de
1043 3601 1107 3679 ipso
1128 3601 1216 3661 verbo

110 3683 208 3744 dicam.
253 3683 427 3762 Piiugkium,
450 3682 497 3761 qui
517 3679 538 3744 όί
559 3678 652 3747 λίπετ’
673 3682 769 3756 σίτοις
790 3682 970 3758 scribendum
992 3685 1135 3756 coniecit,
1157 3685 1217 3744 vei-

111 3768 196 3828 lemus
219 3776 249 3826 et
271 3766 317 3825 hie
339 3776 368 3825 et
388 3763 453 3824 aiibi
477 3784 528 3825 nee
550 3776 639 3826 metra
661 3767 808 3849 negligere
830 3786 920 3846 neque
944 3769 1087 3846 antiquata
1109 3765 1217 3824 Home·

111 3850 161 3910 rici
180 3850 246 3909 aevi
267 3842 358 3909 verba
374 3848 403 3907 in
426 3849 551 3926 tragicos
574 3850 682 3908 inferre
704 3850 758 3907 sihi
782 3850 888 3924 licitum
911 3851 1063 3927 putavisse.
1107 3849 1217 3928 Scripsi

111 3929 148 3995 tto
168 3931 302 4008 λιπέτην.
345 3931 428 3991 Hane
451 3931 593 3992 secundae
610 3951 755 4010 personae
777 3933 894 4014 formam
919 3951 989 3992 esse
1012 3931 1081 3992 satis
1102 3928 1217 3988 demon-

38 4091 39 4100 *
112 4018 207 4076 stravit
226 4014 381 4076 Eimsieius
403 4013 439 4074 ad
460 4015 592 4103 Achaeo,
611 4023 686 4078 733'.
782 4025 784 4032 ’

192 4130 287 4186 1497.
331 4121 387 4196 Qui
417 4118 524 4181 excidit
552 4139 671 4193 versus,
707 4114 881 4182 θάλλουσαν
905 4117 937 4180 ἐν
958 4104 1108 4199 ponpeium
1126 4105 1219 4179 ‘fuisse

112 4207 223 4287 putahat
243 4205 439 4284 Mnsgravius.
484 4201 591 4279 Quidni
612 4205 720 4282 potius:
744 4200 919 4266 θάλλουσαν
941 4200 975 4264 ἐν
994 4198 1166 4281 aaronem?

133 4308 157 4384 ji
191 4319 284 4378 1498.
328 4309 405 4372 Edd.
429 4321 498 4372 vett.
522 4299 600 4394 πρός
620 4307 743 4394 χάμαντ
783 4310 856 4392 quod
872 4330 960 4390 quum
982 4310 1010 4368 in
1031 4303 1165 4392 Hervag.'
1178 4321 1210 4377 2.

114 4398 243 4477 sdniptum
273 4406 353 4458 asset
379 4390 457 4475 πρὸς
478 4391 557 4476 γάμ”,
593 4415 649 4454 non
679 4396 746 4456 satis
774 4393 861 4454 nitida
883 4393 1041 4475 compendii
1064 4407 1146 4467 nota,
1184 4397 1215 4454 in

114 4479 272 4544 Basiieensi
294 4480 426 4558 seriptum
448 4489 494 4537 est
515 4473 592 4564 πρός
613 4475 693 4562 χάμ’,
717 4499 753 4540 ex
774 4499 827 4559 qua
849 4477 1079 4558 idwpuopagatum
1097 4481 1125 4539 in
1141 4477 1216 4540 Con-

115 4568 268 4637 amanam,
297 4561 565 4637 Commetioianam,
595 4573 625 4624 et
644 4563 681 4628 P.
703 4563 850 4645 Stephani.
880 4561 1136 4624 Barnesiusdedit
1157 4557 1216 4645 πρό

117 4671 225 4731 χαμτον.
941 4727 1018 4797 1οἤ
1094 4697 1098 4706 .
