3032 5132
783 295 858 368 104

107 562 110 570 .
207 498 209 504 ’
264 502 315 586 ὡς
339 500 497 598 ὕστερον
521 492 710 580 θανόντος
736 500 881 593 εἲςορᾶν
906 502 1039 591 παρῆν.

257 626 483 725 Ὁμολωίσιν
508 621 549 699 δὲ
574 618 680 708 τοίξιν
705 619 777 719 εἶχε
802 620 893 720 πρὸς
918 617 1050 702 πύλαις

268 749 421 840 Τυδεύς,
445 747 591 833 λεόντος
616 747 721 847 δέρος
746 749 842 844 ἔχων
867 729 922 822 ἐπ’
949 742 1079 820 ἀσπίδι
1133 769 1135 774 ·

109 911 111 918 ·
181 878 373 978 113οχαίτη
398 872 584 976 πεφρικός·
609 873 710 973 δεξιᾷ
734 874 775 950 δὲ
801 871 979 970 λαμποίδα

268 1004 384 1084 Τιτὰν
410 1001 641 1103 Προμηθεὺς
666 1004 796 1102 ἔφερεν
822 1000 889 1090 ὥς,
916 994 1069 1097 πρήσων
1094 993 1212 1072 πόλιν.

265 1132 287 1208 ὃ
312 1131 377 1216 σὸς
401 1128 443 1206 δὲ
468 1127 691 1229 Κρηναίαισι
718 1124 947 1221 Πολυνείκης
972 1119 1104 1207 πύλαις

255 1261 383 1356 ’Ἄρην
408 1265 580 1358 προςῆχε·
609 1250 820 1337 Ποτνιάδες
845 1250 880 1326 δ’
912 1251 970 1324 ἐπ’
1002 1247 1132 1325 ἀσπίδι

267 1385 427 1482 ’ἐπίσημα
452 1391 567 1456 πῶλοι
592 1377 779 1481 δρομάδες
802 1376 982 1477 ἐσκίρτων
1006 1372 1139 1475 φόβῳ,

183 1505 310 1586 113όεῦ
334 1539 412 1596 πως
438 1503 655 1610 στρόφιγξιν
679 1506 839 1584 ἔνδοθεν
863 1500 1110 1598 κυκλούμεναι

265 1634 425 1733 πόρπαχ’
455 1634 518 1709 ὕπ’
550 1632 679 1724 αὐτόν,
707 1632 795 1717 ὥςτε
819 1629 1025 1728 μαίνεσθαι
1051 1627 1185 1704 δοκεῖν.

231 1791 234 1798 “
266 1763 286 1836 ὃ
313 1759 351 1836 δ’
381 1761 449 1836 οὐκ
475 1763 632 1836 ἔλασσον
649 1761 775 1855 ’Ἁρεος
799 1761 835 1842 ἒς
859 1753 986 1854 μοίχην
1007 1763 1166 1854 ,φρονῶν

265 1885 464 1970 Καπανεύς
488 1894 643 1988 προςῆχε
670 1881 781 1981 λόχον
806 1884 861 1958 ἐπ’
885 1882 1098 1980 Ἠλέκτραις
1122 1876 1270 1965 πύλαις·

233 2028 237 2032 ’
268 2008 530 2111 σιδηρονώτοις
556 2011 592 2090 δ’
623 2009 779 2096 ἀσπίδος
803 2006 932 2094 τύποις
956 2011 1048 2104 ἐπῆν

185 2137 376 2240 114οχίχας
401 2139 460 2213 ἐπ’
491 2140 607 2237 δόμοις
625 2135 786 2242 ’χηχενὴς
811 2135 898 2233 ὅλην
923 2131 1031 2210 πόλιν

257 2415 358 2426 μή·
366 2416 372 2422 -
388 2415 402 2422 ο
422 2403 517 2422 κωκυ-ἒ

267 2596 349 2663 batur,
376 2593 486 2650 discerni
513 2594 651 2670 vigilantes
678 2597 703 2648 el
730 2589 886 2648 dormientes
918 2588 986 2644 oculi
1014 2587 1152 2662 potuerint.
1208 2586 1327 2644 Ceterum
1357 2585 1390 2644 de

259 2677 341 2756 'Argo
367 2685 469 2754 praeter
494 2677 641 2735 Panotlraru
671 2675 795 2732 disseruit
821 2679 898 2732 etiam
921 2674 956 2730 G.
980 2671 1010 2728 F.
1034 2667 1209 2728 Grotelendus
1230 2677 1257 2729 in
1280 2671 1390 2729 Diurnis

201 2773 203 2780 '
266 2765 422 2838 antiquariis
444 2783 467 2822 a.
491 2759 582 2820 1838.
605 2762 652 2818 fol.
673 2758 724 2818 69.

356 2844 446 2904 1129.
476 2846 554 2904 Unus
577 2846 674 2902 alterve
696 2841 777 2899 codex
799 2835 907 2917 δέρας,
940 2842 1018 2897 ceteri
1040 2845 1066 2896 et
1086 2839 1241 2898 Eustathins
1270 2863 1294 2918 p.
1317 2840 1390 2912 473,

269 2926 299 2988 5.
321 2925 393 2999 485,
415 2925 444 2987 5.
463 2923 561 3005 δίρος.
581 2926 684 2986 Deinde
705 2945 751 3002 pro
773 2926 878 3002 vulgato
901 2917 953 2982 ἐπ’
976 2918 1105 2993 ἀσπίδος
1126 2927 1152 2981 in
1175 2925 1235 2983 Par.
1256 2923 1291 2983 Λ.
1312 2927 1390 2984 Flor.

271 3013 299 3070 2.
323 3011 373 3071 3³.
395 3013 464 3070 Vict.
486 3013 569 3070 Tanr.
590 3011 612 3068 Ι.
635 3019 675 3069 est
696 3003 745 3069 ἔπ’
771 3003 887 3079 ἀσπίδι,
911 3016 1040 3086 recept-mn
1064 3028 1080 3065 a
1101 3009 1242 3080 Brunokio,
1263 3013 1391 3083 Porsono,
1504 3003 1506 3030 '

235 3091 238 3096 ¹
270 3099 390 3174 aliisque.
432 3097 564 3154 Discessit
583 3095 724 3173 Euripides
745 3115 761 3152 a
783 3097 912 3152 communi
934 3095 1012 3163 fama,
1034 3112 1100 3168 quae
1121 3093 1239 3164 Tydeum
1268 3100 1322 3173 apri
1338 3096 1391 3173 pel·

270 3185 320 3241 lem
344 3186 370 3240 in
392 3183 473 3259 clipeo
496 3189 616 3261 gestasse
638 3180 751 3240 tradidit.
794 3181 928 3239 Disseruit
954 3179 986 3236 de
1007 3198 1038 3235 ea
1059 3197 1087 3235 re
1108 3177 1229 3236 Naelrius
1256 3184 1284 3239 in
1305 3181 1392 3240 indice

197 3313 199 3325 .
270 3269 410 3326 lectionum
434 3273 590 3326 aestivarum
613 3264 771 3324 Academiae
793 3261 933 3324 Rhenanae
955 3285 980 3324 a.
1005 3260 1096 3321 1824.

360 3350 453 3410 1131.
474 3352 582 3410 Nullam
605 3356 631 3407 in
653 3351 702 3408 hoc
722 3368 799 3406 versu
821 3355 1052 3424 interpunctionem
1075 3347 1150 3406 hahet
1172 3348 1278 3408 Aldina.
1311 3352 1391 3410 Scho-
1504 3375 1506 3408 τ

273 3437 408 3492 liastarnm
439 3453 522 3492 nnus:
545 3426 677 3492 ὥπλισιο
700 3427 815 3492 ἀσπίδα
842 3429 959 3502 Τυδεύς
981 3429 1100 3503 λέοντος
1122 3429 1220 3510 δίρμα
1243 3431 1393 3515 ἐπίσημον
1505 3483 1506 3502 .

273 3512 419 3594 ἔχουσαν·
443 3513 640 3597 ἕνεχίχραπτο
662 3514 695 3577 dd
716 3517 767 3578 καί
790 3511 806 3578 ὅ
826 3513 1020 3594 Προμηθεὺς
1040 3509 1188 3592 λαμπάδα
1210 3514 1286 3597 ἔχων
1307 3521 1339 3583 ἔν
1353 3526 1392 3602 τῆ

274 3601 368 3686 δεξιᾷ,
391 3593 407 3660 ὅ
430 3593 471 3672 εἷς
492 3603 553 3660 τῶν
577 3597 726 3681 Τιτάνων,
748 3595 790 3674 ὥς
811 3598 935 3678 πρήσων
955 3597 1012 3678 τὴν
1032 3596 1129 3664 πόλιν.
1165 3604 1242 3662 Credi
1263 3607 1313 3667 hoc
1333 3583 1393 3685 pod-

275 3697 323 3756 set,
345 3691 369 3744 si
391 3689 513 3764 scriptum
535 3697 607 3746 esset
626 3685 658 3749 lv
677 3683 763 3770 μίοῳ
785 3683 819 3746 δὲ
838 3678 997 3761 λαμπάδα.
1025 3687 1095 3745 Nam
1118 3685 1201 3773 δεξιᾷ
1222 3688 1256 3751 δὲ
1273 3697 1302 3751 ln
1323 3699 1392 3772 prin-

276 3774 343 3850 cipio
371 3775 514 3830 sententiae
540 3777 653 3850 positum
681 3793 732 3830 non
759 3775 855 3849 patitur
882 3776 945 3848 picti
967 3773 1112 3830 Promethei
1134 3773 1249 3834 dextram
1271 3781 1392 3860 intelligi

276 3854 352 3920 Quod
381 3860 404 3914 si
431 3862 514 3934 ipsius
542 3859 627 3930 Tydei
648 3858 739 3914 dextra
759 3857 841 3912 lacem
864 3858 976 3933 tenebat,
998 3866 1043 3914 aut
1064 3877 1122 3915 cum
1145 3862 1296 3936 quibusdam
1318 3865 1394 3924 scho-

275 3942 409 4000 liastarum
431 3941 539 4014 Tydeus
560 3945 657 4000 usitata
678 3941 762 4018 ligura
781 3944 838 4016 ipse
859 3939 909 3998 dici
929 3941 1100 4001 Prometheus
1120 3945 1259 4022 putandus,
1275 3955 1319 4007 aut
1332 3971 1391 4009 curn

276 4023 447 4105 Mnsgravio,
475 4046 548 4104 quem
576 4025 734 4093 Brunclrius‚
756 4024 898 4096 Porsonus,
920 4025 1049 4083 Matthiae
1069 4033 1151 4086 secuti
1172 4039 1242 4099 sunt,
1262 4037 1393 4112 interpun-

277 4110 389 4190 gendum
417 4120 458 4169 est
488 4103 586 4169 Tarde
610 4103 804 4186 Προμηθεύς
831 4104 936 4190 ἔφερεν
962 4103 1017 4182 δίς,
1046 4104 1171 4190 πρήσων
1193 4110 1289 4176 πόλιν.
1332 4120 1393 4180 Hoc

275 4198 397 4274 praetuli.
439 4195 516 4252 Patet
543 4214 590 4252 cur
617 4197 656 4251 sis
676 4201 752 4270 poeta
774 4196 903 4273 maluerit,
925 4215 1001 4272 quam
1026 4192 1123 4256 Τιτδιν
1142 4197 1329 4278 Προμεθεδς
1349 4200 1393 4276 δίς

275 4275 364 4362 ίφερε
392 4281 512 4338 scrihere.
562 4278 631 4336 Mira
659 4287 746 4337 tamen
772 4285 941 4358 comparatio,
969 4300 1046 4357 quum
1076 4290 1176 4342 statura
1202 4289 1287 4347 brevis
1313 4291 1394 4350 fuerit

276 4361 396 4436 Tydeus.
437 4361 488 4420 Cui
509 4365 577 4421 enirn
599 4383 651 4422 non
672 4367 700 4422 in
722 4373 832 4424 ruentem
853 4371 939 4424 veniat
960 4366 1023 4424 illud
1045 4368 1174 4426 Homerir

407 4437 524 4519 Τυδεύς
545 4466 591 4508 τοι
613 4443 721 4528 μικρός
741 4446 798 4526 μίν
818 4443 872 4529 ίην
892 4446 996 4528 δίμας,
1018 4444 1096 4512 ἀλλὰ
1115 4445 1264 4534 μαχητής.

278 4529 358 4588 Ηειιδ
380 4534 459 4609 igitur
480 4541 538 4611 apte
558 4532 622 4593 haec
642 4537 725 4606 finxit,
746 4539 769 4593 si
791 4537 875 4605 finxit,
891 4535 1037 4612 Euripides.
