3028 5136
756 323 834 402 30.

231 504 327 607 ἱερός
351 505 391 582 τ’
417 507 632 607 ἄθραυστος
656 499 845 604 Ταινάρου
868 501 970 600 μένει
993 495 1115 598 λιμήν,

161 641 224 705 295
233 631 390 715 Μαλέας
413 632 452 706 τ’
476 633 585 731 ἄκροι
608 633 843 730 κευθμῶνος,
868 628 892 726 ἥ
913 655 953 702 τε
976 624 1140 700 Σουνίου

232 754 317 841 δίας
336 751 500 840 Ἀθάνας
523 764 598 840 σῶς
621 752 836 857 ὑπάργυρος
860 753 989 853 πέτρα,

231 868 440 981 Γιραίστιοί
462 908 501 956 τε
526 879 761 983 καταφυγαί,
788 875 836 954 τά
858 879 905 952 θ’
927 871 1098 958 Ἑλλάδος
1239 957 1243 966 ,

231 1003 403 1106 δυ’ςφορά
430 1006 469 1110 γ’
496 1004 620 1101 ὀνείδη
645 1003 791 1104 Φρυξὶν
815 1005 885 1080 οὐκ
909 998 1121 1101 ἐδώκαμεν·
1175 1091 1178 1110 Ι

234 1127 291 1208 ὧν
316 1131 381 1207 καὶ
405 1130 454 1207 σδ
478 1135 614 1205 κοινοῖ·
647 1137 715 1232 γῆς
738 1127 811 1232 γάρ
833 1124 1005 1211 Ἑλλάδος
1027 1121 1172 1224 μυχοδς

162 1266 225 1332 300
233 1261 343 1340 ολκιῖς
370 1254 439 1332 ὑπ’
464 1258 603 1349 Αἴτνης
626 1263 673 1352 τῇ
692 1250 930 1355 πυριστάκτῳ
956 1251 1083 1350 πέτρᾳ.

232 1375 348 1478 νόμος
372 1377 414 1456 δέ
438 1382 608 1475 θνητοῖς,
635 1374 668 1454 ελ
689 1375 821 1482 λόγους
846 1375 1077 1477 ἀποστρέφει,

204 1577 205 1580 ,
232 1504 355 1588 ἱκέτας
379 1503 557 1602 δέχεσθαι
580 1503 754 1588 ποντίους
778 1503 1055 1604 ἐφθαρμένους,

236 1625 335 1715 ξένιά
359 1657 399 1704 τι
423 1627 558 1707 δοῦναι
579 1628 644 1706 καλ
668 1630 815 1716 πέπλοις
840 1627 1050 1730 ἐπαρκέσαι,

236 1754 306 1830 οὐκ
331 1753 431 1855 άμφὶ
453 1750 672 1856 βουπόροισι
696 1753 908 1850 πηχθέντας
931 1753 1022 1851 μέλη

164 1885 227 1951 305
236 1879 396 1978 ὀβελοῖσι
421 1878 542 1975 νηδδν
564 1878 629 1955 καὶ
651 1875 802 1983 γνάθον
826 1887 961 1974 πλῆσαι
987 1877 1109 1953 σέθεν.
1185 1941 1187 1950 ,

236 2007 316 2091 ἅλις
341 2003 383 2082 δέ
408 2006 589 2105 Πριάμου
613 2003 696 2107 γαῖ’
723 2000 882 2104 ἐχήροισ’
903 1997 1071 2089 Ἑλλάδα,

317 2335 391 2401 294.
435 2334 511 2397 Edu.
538 2347 608 2397 vett.
624 2335 701 2398 ¹Pur.
723 2335 760 2396 G.
784 2335 864 2396 Flor.
886 2333 917 2404 l.
935 2335 968 2400 2.
987 2328 1087 2418 ἱερεύς.
1130 2334 1290 2416 Stephanus
1310 2347 1341 2396 et

234 2420 305 2482 Par.
327 2420 366 2482 Ε.
390 2415 480 2503 ἱερός,
503 2419 578 2501 quod
599 2422 726 2500 reposuit
744 2417 895 2480 Canterus.

316 2521 391 2585 295.
435 2521 516 2580 Libri
536 2521 675 2583 Σουνίου.
717 2519 763 2580 Ex
778 2516 938 2600 Musgravii
960 2521 1122 2581 coniectura
1142 2519 1260 2604 Σουνίῳ
1280 2517 1342 2580 edi-

236 2603 279 2664 tit
297 2604 454 2678 Matthiae,
484 2623 566 2684 quem
588 2605 699 2684 sequuti
721 2614 786 2662 sunt
807 2605 866 2662 alii.
913 2602 971 2663 Sed
992 2605 1070 2663 illum
1092 2614 1169 2664 reete
1190 2605 1339 2683 poenituit,

235 2689 391 2832 petpliioeppae
419 2686 454 2748 de
483 2689 608 2767 genitive
638 2689 730 2748 locum
757 2684 922 2765 designante
944 2686 1030 2761 dicit,
1061 2689 1110 2746 vix
1131 2689 1276 2768 quisquam
1298 2689 1343 2746 in-

297 2819 315 2851 „
349 2815 357 2832 .

318 2871 392 2934 298.
435 2868 505 2928 Par.
529 2869 567 2928 G.
590 2867 671 2927 Flor.
695 2869 726 2932 l.
746 2868 778 2929 2.
802 2862 953 2950 δόςφρουά
971 2863 1003 2952 γ’
1027 2865 1134 2950 ὀνείδη.
1176 2869 1243 2930 Nisi
1264 2871 1343 2929 exei-

238 2952 281 3013 tlit
308 2973 425 3025 versus,
457 2961 534 3011 reete
556 2951 627 3011 haee
649 2951 690 3010 sic
713 2951 894 3031 interpretari
914 2951 1063 3011 videntur:
1093 2973 1150 3013 κοκ
1172 2955 1342 3014 condonavi·

237 3057 300 3098 κιαι
317 3038 423 3115 gravit
448 3037 592 3096 Graeciae
610 3035 765 3114 opprobrie
790 3037 938 3096 Troiianis:
960 3045 1070 3116 raptum
1092 3035 1232 3097 Helenae.

318 3137 395 3200 299.
437 3135 518 3194 Lihri
538 3137 648 3197 κοινοῦ.
690 3131 836 3194 Seidlerns
856 3140 962 3199 κοινοῖ.

319 3235 393 3298 300.
436 3234 517 3294 Libri
538 3227 593 3296 ὑπ’
617 3232 711 3320 Αἴτνῃ
733 3239 769 3318 τῇ
789 3231 972 3316 παριστάντα
1000 3235 1097 3317 πέτρα.
1139 3235 1243 3296 Inutile
1264 3235 1345 3296 addi·

238 3329 391 3403 tamentum
413 3329 457 3378 est
477 3323 512 3403 τῇ
533 3312 715 3400 πυρισιάκιῳ
735 3316 841 3400 πέτρᾳ,
870 3319 918 3378 uhi
945 3299 1015 3380 iihit
1044 3297 1081 3378 ael
1102 3339 1160 3379 rem
1183 3320 1263 3398 ignes
1284 3318 1345 3380 Ae-

238 3403 326 3462 tnaei.
370 3399 475 3473 Aliter,
500 3403 524 3460 si
546 3401 581 3461 ad
603 3403 691 3480 ipsam
707 3399 819 3459 Aetnae
836 3405 976 3463 notionem
993 3405 1126 3484 pertinet.
1171 3402 1268 3477 Quare
1285 3398 1340 3466 ὑπ’

238 3486 349 3565 Αἴτνης
367 3488 403 3570 τῇ
420 3479 601 3568 πυρισιάιιιῳ
621 3482 841 3567 πέτραοοοίρεί.

320 3584 393 3646 301.
422 3583 537 3662 ,Libniz
562 3577 664 3662 νόμοις
685 3581 717 3644 δὲ
737 3589 859 3664 θνητοῖς
881 3585 921 3659 εἰς
942 3578 1046 3668 λόγους
1066 3580 1241 3672 ἀποστρέφῃ.
1283 3585 1345 3646 De-

239 3668 315 3747 eepit
335 3666 382 3726 hie
411 3685 522 3746 quoque
544 3664 672 3726 eodieunn
694 3686 807 3728 suorum
829 3680 976 3748 praetentu
996 3667 1149 3728 Canternnn
1171 3669 1343 3750 Stephanus,

239 3769 322 3831 quern
353 3751 464 3828 sequuti
493 3761 559 3810 sunt
584 3751 727 3832 plerique,
762 3762 793 3810 ut
813 3747 997 3832 ἀποστρέφου
1022 3752 1178 3824 scriberet,
1209 3773 1291 3832 qnam
1314 3766 1346 3813 ut

143 3836 147 3845 ’
237 3833 362 3913 Duporti
384 3833 574 3893 eenieeturam
597 3837 762 3895 memoravit
782 3833 947 3894 Barnesius.
988 3832 1021 3893 ld
1035 3833 1149 3895 admisit
1162 3836 1246 3895 etiam
1261 3835 1346 3896 Bois·

239 3915 372 3989 mundns,
394 3917 520 3977 scribens
536 3929 684 3998 praeterea
700 3913 824 4000 εὐλόγως
842 3938 905 3976 eum
922 3917 1039 3977 Goesio.
1083 3919 1161 3979 Mira
1178 3921 1248 3980 haee
1266 3931 1342 3993 suut,

239 4021 323 4081 quum
351 4001 465 4081 propius
494 4021 589 4061 rerum
618 4003 772 4062 arcesserit
790 4001 991 4078 Musgravius,
1024 4004 1177 4062 eoniieiens
1202 3998 1293 4083 νόμος
1313 4001 1346 4066 δέ

238 4091 370 4164 θνητοῖς,
392 4085 420 4146 εἰ
439 4079 543 4167 λόγους
564 4084 733 4170 ἐπιστρέφῃ,
755 4083 830 4163 qued
851 4085 959 4163 recepit
979 4084 1111 4145 Bethius.
1156 4086 1214 4146 Sed
1235 4098 1347 4167 poterat

213 4211 215 4216 ·
238 4169 369 4227 iaeilius:
392 4162 482 4247 νόμος
503 4165 535 4230 tt
555 4176 691 4249 θνητοῖς,
713 4168 740 4228 εἰ
759 4161 862 4248 λόγους
883 4162 1064 4248 ἀποστρέφει.
1107 4168 1172 4229 Ηοο
1194 4169 1264 4231 dieit
1284 4172 1347 4231 Uli-

238 4271 305 4312 xes:
329 4254 357 4312 se'
375 4254 450 4312 ια’λιλ
468 4253 546 4331 apud
565 4263 593 4312 te
613 4255 720 4321 valent,
744 4270 818 4328 qnae
838 4252 873 4310 de
887 4255 994 4312 nostrie
1012 4255 1122 4313 mere'tis
1138 4255 1212 4325 du'et',
1237 4257 1346 4336 respice

238 4355 409 4396 communem
429 4336 570 4394 λοκιιλιιακ
591 4336 627 4393 de
646 4331 800 4413 nunplegr'e
820 4335 922 4413 legem.

321 4434 394 4497 304.
437 4433 513 4492 Edu.
542 4444 612 4492 vett.
642 4443 726 4512 atque
748 4433 833 4492 etiarn
856 4433 971 4496 Canteri
993 4429 1250 4518 άμφιβουπόροισι.
1292 4433 1348 4494 Di-

238 4519 319 4578 visim
341 4516 461 4574 Florens
483 4514 660 4576 Christianus
681 4527 711 4576 et
730 4514 814 4577 codel.
838 4518 919 4579 Flor.
942 4519 1021 4581 vict.
