2996 5136
33 862 35 924 i

712 619 889 720 στροφὴ
925 618 974 716 β’.

391 764 437 840 δι’
465 767 572 866 οίέρος
597 773 675 844 ebibe
700 773 857 848 ποτανοὶ

200 904 280 962 1500
388 890 575 993 γενοίμεθ’
602 894 669 970 ὅθι
695 894 869 981 στολοίδες

387 1014 514 1092 οἰωνοὶ
543 1017 686 1116 Λίβυες

386 1141 534 1239 όμβρον
555 1144 749 1244 χειμέριον
765 1153 893 1222 λιποῦ-

387 1291 449 1340 σαι
470 1264 659 1344 νίσσονται
685 1268 925 1372 πρεσβυτάτᾳ

386 1387 534 1494 σύριγγι
556 1395 777 1493 πειθὸμεναι
880 1417 882 1420 ’

383 1516 574 1614 ποιμένος,
608 1519 649 1602 ὃς
669 1520 818 1619 ἄβροχα
839 1521 950 1598 πεδία
972 1524 1197 1628 καρποφόρα
1219 1557 1257 1602 τε
1278 1538 1349 1632 γᾶς

382 1639 638 1741 ἐπιπετόμενος
662 1649 792 1742 λακχεῖ.

381 1765 413 1841 ὦ
439 1767 577 1842 πταναὶ
601 1768 867 1866 δολιχαύχενες,

381 1890 563 1992 σύννομοι
588 1894 733 1994 νεφέων
758 1893 916 1995 δρόμου,

379 2019 473 2116 βᾶτε
501 2015 692 2102 Πλειάδας
715 2019 789 2095 ὑπὸ
813 2020 930 2118 μέσας

278 2345 304 2408 d
355 2267 455 2409 ἰΙθ499.
499 2260 602 2324 Libri.
625 2257 663 2324 δι’
683 2257 784 2345 α’έρος,
805 2259 832 2324 εί
854 2261 989 2324 ποτανοί.
1030 2262 1122 2324 Recte
1143 2263 1301 2330 Barneeius
1321 2270 1384 2332 edi

296 2346 370 2408 σε’
393 2367 407 2409 ι

362 2459 454 2518 1500.
498 2450 575 2512 Edi.
596 2452 806 2513 vetustissimae
823 2451 997 2533 γενοίμεθα.
1042 2451 1072 2512 Α
1094 2451 1248 2515 Cantera
1238 2471 1381 2522 raveetuar

277 2539 466 2621 γενοίμεσθα.
486 2537 603 2598 Habent
617 2547 710 2598 autem
724 2535 789 2596 eta.
799 2535 906 2596 Ιιιιοα’
883 2555 926 2595 sre
938 2537 1060 2616 scripta:
1075 2539 1258 2614 γενοίμεσθα
1264 2545 1381 2622 Λίβυες

277 2622 383 2686 οἰωνοὶ
403 2618 553 2700 στοχάδες.
596 2619 676 2681 Ordo
698 2619 847 2680 verborum
869 2617 972 2680 idem
964 2640 994 2678 ιιι
1015 2617 1097 2679 radi.
1119 2620 1201 2682 sed
1193 2644 1222 2682 ιιι
1242 2623 1313 2684 Par.
1337 2625 1381 2690 Ε,

275 2707 312 2766 G.
337 2709 416 2767 Fiar
438 2717 467 2768 l.
489 2715 521 2766 2.
547 2703 628 2764 Viet.
654 2714 698 2763 est
725 2699 880 2775 στολίδες,
916 2702 962 2762 eui
989 2702 1018 2763 ia
1045 2701 1123 2765 via.
1155 2709 1380 2786 superscriptam

272 2814 320 2870 χοι.
364 2791 472 2849 Merito
494 2789 547 2847 boe
567 2785 697 2864 probavit
716 2785 937 2863 Musgraviua.
935 2783 1012 2844 Sed
1032 2795 1061 2844 et
1080 2785 1207 2848 ordinem
1227 2790 1379 2854 verberum
1481 2811 1482 2817 ¹

273 2872 433 2932 mutandum
461 2880 491 2930 et
516 2868 571 2930 tter
593 2866 776 2928 inserendum
796 2886 862 2927 esse
885 2877 914 2925 et
935 2877 1053 2931 metrum
1077 2880 1107 2929 et
1125 2873 1269 2934 sententia
1298 2893 1379 2938 ιιιοιι-

273 2966 364 3016 strare
386 2963 526 3033 poterant.
629 2998 634 3009 .

358 3064 449 3123 1502.
493 3057 593 3118 Libri·
631 3053 749 3136 όμβρον
768 3059 909 3120 λιποῦσαι
930 3055 1088 3135 χειμέριον.
1128 3059 1208 3120 Male
1234 3063 1376 3125 Heathias

271 3156 301 3206 et
320 3143 504 3223 Musgravius
526 3141 692 3214 λείπουσαι,
715 3139 790 3220 qaod
810 3138 914 3201 deinde
935 3139 972 3201 ab
993 3141 1057 3201 aliis
1079 3155 1234 3222 receptura.
1277 3147 1377 3208 Resti-

272 3226 393 3288 tuendus
419 3236 482 3287 erat
509 3223 578 3285 οιόο
602 3186 781 3284 νοιΙιόιιιοι
772 3245 815 3296 rs,
848 3225 895 3304 qui
918 3223 1081 3306 Glyconeos
1102 3225 1264 3307 praeberet.
1313 3228 1376 3293 Ex-

271 3313 377 3391 pressit
399 3308 553 3390 Euripides
576 3305 732 3368 Homerica
751 3307 834 3370 Iliad.
848 3307 903 3368 111.
919 3318 950 3369 0.

395 3413 470 3522 ιγ’ΰτι
490 3437 547 3496 περ
570 3410 681 3522 κλαγγὴ
704 3412 841 3518 γεράνων
860 3415 945 3480 πόλει
964 3412 1115 3498 ου’ροινόθι
1135 3413 1207 3496 πρό,

397 3499 445 3561 abr
445 3490 584 3562 ’ἐπεὶ
545 3522 602 3562 ουν
616 3503 746 3604 χειμῶνα
761 3496 865 3604 φόγρυ
873 3499 924 3562 aab
935 3495 1110 3603 οίθόςφατον
1127 3498 1254 3582 ὄμβρον,

394 3588 509 3667 κλαγγῇ
529 3582 610 3664 ταίγε
630 3583 768 3644 πέτονται
791 3580 837 3644 ἐπ’
857 3579 1014 3646 Ὠκεανοῖο
1033 3581 1145 3665 ῥοάων.

353 3694 445 3754 1505.
489 3688 566 3750 Eat.
590 3699 656 3750 ante
677 3688 831 3750 Caeterum
851 3689 995 3752 νίσονται.

352 3801 444 3860 1505.
489 3798 680 3869 Trimetruar,
703 3797 750 3875 qui
771 3797 799 3856 in
821 3795 891 3856 duas
913 3793 1020 3856 divisus
1041 3805 1103 3855 eret
1121 3797 1291 3869 versiculos,
1314 3819 1369 3861 aon

268 3881 516 3954 animadvertens,
548 3882 673 3960 eorrupit
700 3880 841 3942 Matthiae
870 3889 936 3960 post
965 3876 1000 3954 ὃς
1028 3871 1135 3937 ibserte
1162 3875 1197 3940 ι’.
1250 3880 1370 3964 Sequuti

267 3986 331 4027 eura
353 3978 419 4026 sunt
440 3962 583 4026 Dindortii
603 3974 633 4025 et
653 3963 811 4042 Pssugkius.

351 4077 445 4138 1506.
487 4070 570 4132 Libri
592 4071 677 4152 ἰαχεῖ.
719 4070 861 4131 Matthiae
883 4067 960 4131 dedit
980 4070 1085 4148 ίακχεῖ.

350 4184 443 4244 1507.
486 4177 584 4238 Libri.
609 4175 725 4242 ὁπόταν
738 4179 772 4242 ab
783 4175 996 4258 δολιχαύχενες.
1018 4175 1248 4256 Stephanusbie,
1265 4181 1366 4258 qnippe

265 4271 345 4322 certo
366 4265 527 4325 assentarie
544 4263 709 4337 lectoribus,
733 4284 788 4324 ιιοιι
809 4263 886 4324 Mss.
907 4281 984 4333 sues,
1008 4259 1059 4321 sed
1075 4261 1265 4322 coniecturam
1286 4281 1365 4321 suam

264 4343 407 4404 attulit
380 4371 404 4410 οι
424 4347 562 4409 ποιαναί.
607 4344 640 4405 ld
664 4345 844 4408 scribendam
865 4356 927 4406 erat
948 4336 975 4408 οι
997 4346 1123 4420 πτανοί,
1149 4343 1224 4425 quod
1246 4340 1365 4426 Cantbfi

264 4428 370 4488 monitu
392 4427 516 4490 fecitL.
542 4427 719 4490 Dintorfius.

347 4538 439 4602 1509.
477 4534 556 4598 Ειλδ.
567 4539 645 4617 antiq
646 4539 781 4600 aissiraae
793 4545 823 4596 et
834 4534 915 4597 Flor
925 4546 957 4600 2.
967 4536 1047 4600 Viet.
1062 4528 1223 4606 πελειάδες.
1241 4529 1322 4594 Flor.
1333 4545 1361 4600 1.

261 4615 407 4697 πελιαδις.
451 4620 543 4683 Hera·
559 4629 590 4683 2.
615 4631 700 4703 atqua
719 4617 786 4681 inde
811 4619 885 4682 aliae
909 4619 1086 4696 πελειάδας,
1114 4613 1187 4694 quod
1210 4624 1361 4682 tenuerunt
