2974 5138
797 320 849 417 '30

270 516 381 596 πόσιν
406 517 501 596 nde
526 521 624 616 ἥξειν
649 523 780 621 καίμ’
806 521 1028 611 ἀπαλλάξειν
1052 535 1193 615 κακῶν,

270 649 368 744 εἴπερ
392 643 644 740 τέθνηκεν
600 676 727 739 ουτος,
751 651 875 726 οὐκέτ’
882 651 978 726 ἐστι
1004 647 1062 746 riti.

268 768 388 869 μήτηρ
415 769 440 845 ιλ
445 773 455 798 ²
483 771 594 845 ὄλωλε
599 826 612 859 ,
639 772 703 847 καὶ
728 773 865 874 φονεὺς
889 777 1003 872 αὐτῆς
1027 772 1112 878 ἐγώ,

270 893 409 978 ἀδίκως
433 893 521 990 μέν,
548 898 641 972 ἀλλά
666 899 823 978 τάἀικον
846 902 951 976 τοῦτ’
976 901 1053 976 ἔστ’
1080 901 1188 998 ἀμόν·

200 1020 292 1094 29οθ
317 1017 357 1094 θ’
384 1016 572 1122 ἀγλάϊσμα
598 1020 787 1122 ἀωμάτων
812 1026 905 1123 ἐμοῦ
929 1025 968 1099 τ’
996 1027 1080 1124 ἔφυ,

270 1139 444 1246 θυγάτηρ
470 1145 676 1244 ἄνανδρος,
702 1149 811 1225 πολιὰ
838 1146 1148 1249 παρθενεύματα·

270 1327 545 1340 ——n—-u-a-

397 1397 440 1477 εἷς
461 1410 533 1480 παῖς
554 1402 599 1470 dd’
618 1397 660 1487 ἦν
680 1431 733 1489 μοι
753 1405 876 1484 λοιπάς,
904 1403 1064 1489 ὀφθαλμὸς
1086 1407 1164 1488 βίου.
1250 1457 1253 1462 -

395 1491 505 1550 τοῦτον
527 1497 646 1553 κτανεῖν
665 1491 822 1571 μέλλουσιν
844 1486 890 1568 οἷς
910 1493 994 1554 ἀσκεῖ
1013 1489 1093 1554 τάδε.

269 1588 310 1649 Ar
325 1609 407 1669 quam
419 1589 495 1647 inter
512 1608 545 1648 se
564 1588 714 1652 dissimiles
734 1592 809 1664 sint,
832 1602 950 1674 apparet
968 1611 1004 1652 ex
1018 1611 1046 1651 v.
1063 1599 1137 1654 287.

351 1687 391 1749 V.
416 1696 489 1750 286.
521 1686 597 1750 Ελιλ.
612 1701 683 1750 vett.
701 1685 875 1764 ἀπαλλάξαι.
895 1690 975 1751 Flor.
995 1700 1024 1751 1.
1037 1699 1070 1750 2.
1086 1689 1168 1750 Vict.
1184 1683 1374 1762 ἀπαλλάξειν,

269 1770 343 1852 quod
360 1771 472 1831 admisit
491 1771 653 1832 Brunclrius
672 1775 691 1836 l.
712 1794 740 1833 c.
775 1774 877 1835 Tenue
895 1773 1043 1834 admodum
1063 1771 1216 1834 discrimen
1235 1783 1298 1843 est,
1321 1771 1373 1830 sed

269 1867 300 1914 ut
316 1853 533 1934 praeferendum
552 1855 682 1915 videatur
704 1857 902 1924 concinnitatis
923 1877 1023 1916 caussa
1042 1858 1178 1930 futorum,
1202 1855 1285 1914 sicuti
1298 1855 1373 1914 aori-

270 1950 329 1998 stus
350 1949 527 2017 praestaret,
549 1940 573 1996 si
589 1959 641 2018 pro
659 1937 746 2019 ἥκειν
767 1941 900 2018 εοιῖρῑιιιιι
918 1950 996 2000 csset
1014 1940 1125 2003 ἐλθεῖν.

351 2036 391 2098 V.
416 2045 488 2100 287.
531 2036 630 2097 Libri:
663 2031 753 2112 οὗτος
781 2039 941 2118 τέθνηκεν’
972 2031 1061 2112 οὗτος
1089 2036 1146 2102 oria
1174 2033 1212 2100 ἔτ’
1235 2037 1296 2101 ἔστι
1323 2033 1372 2116 δή.

267 2121 416 2181 Patienter
436 2122 561 2180 tulerunt
581 2119 705 2182 editores
724 2123 796 2182 banc
813 2123 1013 2204 ineptissimam
1031 2133 1059 2183 et
1076 2143 1159 2202 quum
1178 2122 1245 2182 satis
1260 2140 1312 2203 per
1326 2141 1371 2195 sc,

268 2215 325 2263 tum
351 2205 440 2283 magis
467 2205 550 2262 etiam
573 2217 691 2283 propter
713 2204 837 2265 additum
856 2205 893 2284 δή
917 2205 1152 2285 languidissimam
1173 2205 1372 2284 repetitionem

268 2285 396 2347 eiusdem
418 2289 587 2347 sententiae.
639 2287 681 2347 At
699 2309 734 2349 ea
751 2288 913 2349 dormitanti
934 2291 1053 2367 cuipiam
1074 2290 1166 2350 veteri
1185 2289 1300 2347 librario
1321 2287 1371 2347 de·

267 2371 361 2430 betur.
397 2370 556 2474 Reposui,
589 2370 663 2450 quod
687 2391 735 2432 res
756 2374 817 2452 ipsa
839 2373 1020 2452 requirebat.
1051 2391 1087 2432 ex
1109 2393 1163 2453 quo
1183 2372 1263 2430 simul
1281 2381 1370 2450 patet,
1479 2431 1480 2442 ,

266 2473 349 2533 quum
369 2449 424 2516 oda
446 2451 516 2514 λτ’”
500 2474 560 2515 εστι
577 2453 614 2533 δή
634 2454 669 2514 de
682 2475 786 2517 ancora
800 2454 904 2516 dictum
920 2457 968 2528 sit,
987 2466 1066 2515 recte
1081 2453 1256 2516 emendatam
1271 2455 1372 2514 aSea·

266 2538 356 2617 ligero
376 2547 405 2597 et
421 2536 589 2617 Musgravio
610 2557 675 2600 esse
695 2540 862 2619 scripturam
878 2559 978 2602 versus
994 2544 1068 2602 285

274 2661 275 2666 ¹
347 2635 389 2698 V.
414 2644 487 2701 289.
526 2637 679 2698 Elmsleius
696 2637 732 2698 ad
752 2636 920 2699 Medeaev.
937 2645 1009 2700 826.
1026 2657 1050 2696 s.
1072 2636 1108 2696 de
1129 2637 1225 2741 quinto
1250 2635 1371 2695 trimetri

266 2717 339 2824 pedo
360 2719 525 2802 disputans,
547 2721 673 2782 confusis
691 2721 772 2780 valde
794 2721 995 2792 dissimilibus,
1017 2741 1068 2802 pro
1085 2727 1154 2782 τοῦτ
1155 2715 1265 2778 'scribi
1284 2719 1372 2777 voluit

265 2799 337 2866 τόθ’.
380 2802 546 2863 lacobsius
538 2824 566 2862 ιιι
579 2803 703 2882 Pttugkii
719 2803 843 2864 editione
859 2803 1017 2876 adnotavit,
1041 2805 1127 2863 multo
1140 2803 1294 2909 planiorem
1308 2803 1371 2862 lore

265 2887 454 2959 sententiam,
477 2885 501 2943 si
526 2895 611 2963 poeta
631 2886 810 2965 scripsisset.
832 2889 882 2948 καλ
900 2883 1013 2966 procede
1033 2885 1126 2964 αὐτῆς
1147 2889 1238 2960 ἀσκῶ,
1259 2882 1372 2960 ἀδίκως

266 2968 329 3047 μέν.
380 2966 426 3027 Ile
448 2965 607 3028 eodubito.
662 2968 729 3028 Non
750 2971 826 3030 enim
845 2967 998 3050 ἀδίκωςμ
1001 2970 1049 3044 ἐν,
1079 2967 1132 3030 sed
1153 2965 1226 3031 ἀλλά
1247 2967 1373 3030 τάθικον

264 3055 335 3114 ταῦτ
341 3045 433 3113 ’ἔστ’
455 3045 529 3131 ἐμὰν
550 3051 694 3111 intellectu
714 3050 856 3114 difficilius
875 3065 930 3116 est.
978 2996 1049 3114 Ηοά
1071 3053 1157 3113 dicit:
1189 3053 1373 3134 eirtctsectrta·

264 3137 366 3196 matris
387 3155 441 3214 ego
457 3155 534 3207 ειιιιι,
547 3133 602 3216 sol
596 3155 630 3194 so
652 3138 781 3214 qualem,
804 3139 858 3200 scd
877 3140 953 3218 quod
970 3139 1003 3198 ιἰλ
1012 3137 1095 3219 salso
1112 3137 1257 3208 ereditur,
1282 3156 1371 3196 ιιιοιιιιι

264 3229 323 3292 est,
345 3239 399 3280 nec
411 3238 527 3298 possum
548 3220 580 3278 ιἰλ
598 3239 616 3279 ο
637 3239 679 3278 me
699 3221 848 3301 repellere.

344 3317 388 3380 V.
412 3327 486 3382 291.
530 3313 628 3377 Libri.
653 3315 744 3382 πολιὰ
765 3317 991 3422 παρθενεύεται.
1033 3319 1066 3380 λιι
1081 3318 1163 3378 Flor.
1179 3328 1208 3380 1.
1224 3326 1257 3378 2.
1278 3321 1371 3378 nolani

264 3399 410 3478 scriptum.
453 3402 512 3461 Pro
528 3398 662 3460 adverbio
678 3422 742 3463 esse
755 3398 845 3464 πολιά
859 3403 997 3466 dictitant.
1036 3401 1202 3480 Aptissime,
1219 3401 1258 3460 ait
1273 3398 1371 3505 Pllug-

263 3482 348 3556 laius,
370 3494 604 3564 comparaverunt
620 3484 710 3564 Sopb.
724 3485 770 3546 Ill.
788 3493 860 3550 962.
873 3487 1011 3592 ἀλεκτρα
1031 3481 1240 3567 γηράσκουσαν
1261 3479 1370 3588 ἀνυμέ-

263 3563 333 3627 ναιά
356 3589 396 3628 τε.
438 3567 549 3626 Phoen-
571 3573 663 3630 1740.
684 3566 881 3640 ἀπαρθένευτ’
897 3567 1043 3647 ἀλωμένα.
1086 3568 1194 3628 Bacch.
1211 3570 1284 3630 tat.
1305 3563 1370 3628 οὐδ’

263 3646 393 3729 ἄκρανθ’
406 3647 596 3755 ἀρρήσαμεν.
625 3651 733 3712 Persae
747 3653 841 3714 Tbeb.
857 3655 948 3733 epigr.
963 3651 1032 3714 VII
1050 3661 1081 3714 8.
1096 3648 1207 3714 ἐλεεινά
1223 3647 1369 3729 καταθρύ-

263 3748 347 3813 ψασα
363 3732 497 3807 παρειάς.
524 3736 624 3814 Antip.
640 3735 741 3796 Sidon.
755 3735 953 3800 LXXXVIII.
972 3743 1003 3799 λ.
1022 3736 1134 3799 τέκνοιν
1152 3733 1260 3816 γνήσια
1280 3736 1370 3797 acdo-

264 3817 364 3895 μ.έναν
408 3817 503 3879 Video
517 3816 588 3877 baec
604 3820 707 3891 omnia,
731 3820 755 3877 si
773 3821 801 3878 in
816 3841 884 3881 vera
902 3819 1036 3882 adverbia
1051 3829 1267 3891 commutantur,
1289 3830 1369 3879 recte

264 3901 331 3964 dici.
377 3899 435 3964 Sed
451 3902 498 3984 qui
514 3897 603 3962 πολιά
624 3921 676 3982 pro
695 3900 829 3964 adverbio
850 3923 914 3964 esse
934 3906 1008 3978 vult,
1033 3901 1170 3964 concedat
1189 3920 1307 3964 necesse
1323 3912 1370 3960 est

263 3986 317 4064 ipsr
309 3987 421 4047 'locum
436 4005 500 4046 esse
515 3982 661 4056 adverbio,
672 3984 783 4065 dieique
796 4006 880 4066 posse
893 3991 1005 4060 πολιαῖς
1022 3983 1277 4064 παρθενευεσθαιι
1294 3983 1369 4066 quod

264 4067 329 4145 quid
350 4070 415 4129 est‘l
457 4067 576 4128 Scilicet
595 4066 729 4127 adverbia
749 4089 804 4128 non
829 4089 942 4143 rerum,
970 4069 1021 4131 sed
1041 4070 1183 4130 actionum
1206 4067 1368 4148 praedicata

263 4161 346 4208 sunt·
369 4173 456 4232 quare
475 4151 575 4232 quod
567 4172 595 4210 un
610 4153 749 4212 actionem
765 4172 820 4212 non
836 4151 923 4225 cadit,
944 4152 972 4213 id
989 4173 1080 4232 neque
1095 4151 1230 4213 adverbio
1248 4170 1302 4212 nec
1318 4171 1367 4210 vo-

263 4232 362 4290 cabulo
384 4247 551 4313 potestatem
576 4235 697 4295 habente
714 4234 842 4296 adverbii
862 4237 1016 4314 significari
1032 4244 1138 4314 potest.
1193 4236 1269 4296 Ilinc
1290 4235 1367 4293 colo·

263 4334 322 4374 rum
337 4319 539 4393 appellationes
556 4330 654 4378 carent
665 4317 820 4393 adverbiis,
842 4321 898 4380 nisi
911 4341 994 4418 qpum
1008 4339 1062 4379 non
1078 4319 1193 4418 proprio
1209 4318 1367 4396 significatu

261 4409 440 4476 usurpantur,
461 4410 491 4458 ut
509 4401 544 4460 ab
559 4400 672 4462 Latinis
685 4405 818 4464 οαιιιλιᾛιλε
853 4404 938 4464 Nec
930 4423 1060 4465 iuvenem
1075 4403 1220 4482 quisquam
1233 4399 1369 4480 μελάυας

259 4477 351 4557 silicio,
372 4499 426 4541 nec
440 4499 538 4541 senem
557 4488 670 4556 λευκοῖς
684 4484 846 4566 γηράσκειν
862 4485 942 4547 dixit.
987 4487 1110 4548 Omnino
1126 4495 1219 4544 autem
1238 4483 1367 4564 quidec-

260 4566 368 4643 gitant,
391 4565 438 4643 qui
458 4583 558 4624 nomen
578 4568 694 4642 generis
713 4571 806 4630 neutri
827 4589 878 4648 pro
895 4570 1031 4634 adverbio
1049 4589 1114 4638 esse
1132 4567 1273 4628 censent?
1305 4568 1366 4634 Vc,-
