2944 5128
526 301 529 310 “
610 321 685 396 rae

192 549 250 630 χει
274 521 412 598 θανεῒν
434 515 561 621 χόνον.

196 648 220 723 ἀ
247 645 286 723 δ’
315 650 421 742 ἴαχεν
444 650 563 743 ἴαχεν,
589 646 685 746 ρ’ίμοι
709 672 791 744 μοι·

195 770 329 849 λευκὸν
355 770 392 847 δ’
422 773 638 872 ἐμβαλοῦσα
663 780 787 872 πῆχυν
812 770 987 872 στέρνοις,

195 895 379 997 κτύπησέν
402 928 442 973 τε
465 907 586 998 κρᾶτα
610 899 741 997 μέλεον
769 895 933 1002 πλαχάν·

196 1033 300 1129 φυγᾷ
326 1022 367 1101 δέ
393 1023 481 1101 ποδὶ
505 1023 549 1100 τὸ
570 1023 901 1127 χρυσεοσάνδαλον
924 1029 1027 1125 ἰ’χνος

197 1153 326 1252 ἔφερεν
351 1153 498 1252 ἔφερεν·
525 1155 561 1238 ἐς
584 1149 703 1250 κόμας
728 1151 770 1228 δὲ

170 1310 175 1320 “
198 1276 403 1362 δακτύλους
428 1277 545 1354 δικὼν
562 1277 751 1379 Ὀρέστας,

197 1403 390 1502 Μυκηνίδ’
421 1401 593 1504 ἀρβύλαν
618 1404 775 1504 προβάς,

196 1533 312 1626 ιῖίμοις
337 1531 584 1628 ἀριστεροῖσιν
608 1524 821 1610 ἀνακλάσας
846 1527 970 1630 δέρην,

195 1653 318 1729 παίειν

198 1785 347 1884 λαιμῶν
369 1779 516 1873 ἔμελλεν
541 1782 591 1854 ε’ί-

99 1893 102 1899 ’
197 1929 252 1980 σω
275 1903 393 2002 μέλαν
417 1903 532 2006 ξίφος.

547 2154 770 2228 ΧΟΡΟΣ.

93 2368 168 2438 ποῦ
194 2359 279 2457 δῆτ’
311 2358 469 2460 ἀμύνειν
494 2361 528 2437 οἱ
553 2359 649 2438 κατὰ
675 2361 807 2465 στίχας
832 2356 1002 2463 Φριίχες,·

92 2753 161 2813 ven.
170 2773 208 2856 ἐι.
229 2755 255 2812 Ιι.
277 2755 413 2812 articulum
435 2773 493 2812 οιιιιι
514 2754 629 2833 vulgatis
688 2752 741 2814 Sed
766 2753 839 2813 Fiur.
868 2751 898 2812 2.
926 2747 977 2812 25.
1006 2747 1056 2811 34.
1084 2744 1137 2810 τὸν
1165 2771 1217 2810 κα·

92 2830 246 2920 σιχιήτου.

181 2945 273 3052 1457.
294 2948 384 3027 Vulgo
405 2956 487 3008 reete.
518 2937 644 3007 ἀδ”’
626 2969 725 3028 ιαχεν,
762 2942 854 3026 ιἀχεν.
897 2947 968 3008 Fier.
997 2945 1026 3006 2.
1056 2943 1106 3004 10.
1136 2935 1218 3004 ἅδ’

94 3027 226 3108 ἀνιαχεν,
248 3028 340 3108 ἴαχεν,
363 3041 440 3108 atque
460 3039 498 3090 ita
514 3053 571 3090 cum
593 3033 726 3092 Brunrkie
747 3035 894 3092 Ροιεοιιιιε.
921 3033 1005 3092 Taur.
1027 3033 1067 3090 bis
1090 3025 1221 3107 ἀνίαχεν.

94 3113 225 3175 Solum'
208 3138 246 3174 αν
246 3115 329 3192 αχεν
348 3115 426 3173 habet
445 3115 513 3176 Veri.
536 3135 560 3175 a.

85 3267 92 3275 -
183 3221 276 3286 1459.
296 3223 385 3281 Libri:
414 3216 547 3300 κτιίιιησε
575 3225 673 3302 κρᾶτα
692 3225 800 3300 μέλεον
826 3219 961 3304 τἰλαχάν,
994 3229 1046 3284 uisi
1068 3223 1137 3300 qued
1158 3224 1220 3282 Par.

95 3309 131 3369 A.
154 3309 266 3394 πλαγᾷ,
298 3307 366 3386 qued
386 3327 438 3366 ιιοιι
461 3307 569 3368 debebat
590 3313 702 3388 recipere
723 3310 882 3368 Bruuekius.
930 3310 992 3368 Nou
1013 3318 1054 3367 est
1080 3310 1222 3366 verisimile

96 3394 202 3496 dipodia
222 3396 332 3450 iambica
351 3392 541 3470 interpellatum
565 3413 624 3451 esse
645 3415 780 3452 numerum
802 3395 989 3453 decimiacum.
1028 3393 1115 3458 Quare
1128 3396 1222 3470 scripti

96 3470 248 3556 κτιίιιησέν
268 3497 301 3537 τι
322 3478 430 3557 κρᾶτα.
472 3479 552 3536 Recte
574 3481 613 3537 ilii
634 3498 665 3538 τε
687 3479 826 3556 respondet
847 3479 915 3558 quod
944 3484 1062 3556 sequitur
1084 3475 1133 3550 δέ,
1162 3482 1222 3555 quia

96 3568 165 3624 iuter
185 3584 214 3621 se
236 3566 354 3657 opposita
375 3570 437 3620 eunt
457 3563 556 3642 repeirri
577 3573 603 3622 et
624 3560 705 3626 ποδί.

183 3647 276 3732 14611.
298 3672 387 3744 Libri,
409 3673 493 3756 φυχᾷ
515 3669 548 3732 δὲ
569 3649 655 3745 nerii,
679 3675 747 3751 quoti
771 3691 824 3733 ιιοιι
845 3682 900 3733 erat
922 3694 987 3751 opus
1008 3677 1084 3732 utin
1107 3668 1221 3751 φυχάδι

98 3753 132 3816 ii
153 3755 223 3816 nerii
246 3767 372 3816 mutatum
393 3759 471 3816 vellet
491 3759 596 3819 Furius.
639 3760 707 3822 Vide
735 3759 881 3817 Seidlerum
910 3759 943 3816 ad
970 3759 1065 3815 Eieetr.
1095 3755 1167 3814 236.
1196 3763 1222 3813 et

97 3843 257 3901 Lebeckium
280 3843 312 3901 ad
333 3842 378 3901 Αἰ.
400 3841 471 3901 310.

184 3948 275 4009 1465.
298 3953 422 4029 Separari
444 3947 543 4009 παίειν
569 3953 773 4028 arequeutibue
798 3955 897 4020 verbis,
930 3971 980 4028 quo
1008 3950 1105 4028 legenti
1132 3950 1219 4006 statim

100 4045 241 4114 appareret,
277 4035 345 4093 hunc
376 4034 465 4111 pedem
499 4054 558 4094 esse
587 4035 736 4112 trochaeum
769 4049 924 4095 sementum.
967 4034 1119 4092 Adruirabili
1152 4037 1220 4090 enim
1307 4109 1309 4113 ,

100 4131 169 4191 arte,
194 4119 263 4196 quud
286 4119 318 4177 ad
340 4131 422 4178 metra
443 4125 548 4192 attinet,
573 4121 623 4180 hoc
643 4125 771 4180 cauticum
793 4125 964 4196 compositum
987 4127 1040 4190 est,
1067 4123 1221 4196 egregieque

99 4206 149 4263 hue
171 4205 267 4282 Phrygi
290 4205 406 4264 eunucho
428 4207 541 4263 terribile
562 4209 668 4265 verbum
688 4211 725 4264 ita
746 4207 909 4284 producitur,
941 4214 971 4264 ut
998 4210 1090 4283 iugens
1113 4223 1144 4261 ea
1164 4223 1221 4280 pro·

100 4291 220 4348 ductione
242 4289 332 4347 horror
352 4289 465 4348 huminis
486 4294 653 4369 exprimatur.

185 4397 278 4458 1466.
299 4399 435 4460 Ροιεοιιιιε
456 4421 514 4460 curu
535 4401 669 4460 Brunriio
691 4421 724 4459 ex
743 4401 806 4462 Par.
828 4398 863 4459 A.
892 4420 950 4460 eum
980 4419 1029 4475 quo
1056 4401 1222 4458 consentiunt

101 4485 174 4545 Flor.
195 4485 224 4544 2.
247 4481 297 4543 25.
320 4483 371 4544 33.
393 4486 480 4546 Harr.
502 4484 570 4547 Ask.
594 4487 623 4546 2.
645 4489 709 4544 liber
730 4487 763 4544 P.
785 4478 904 4562 λαιμόν.
947 4484 999 4543 ser
1020 4491 1088 4544 reete
1109 4481 1177 4544 Ver.
1196 4485 1221 4540 b.

103 4592 118 4629 a
138 4573 222 4649 prima
241 4591 320 4630 manu
340 4589 399 4630 curu
422 4573 526 4654 vulgata
546 4575 656 4651 aliisque
677 4572 766 4632 multis
787 4569 862 4632 eutii.
883 4569 1011 4650 λαιμῶν.
