2944 5128
768 317 841 394 158

241 527 377 600 θανεῖν
401 519 475 623 γὰρ
502 517 606 618 αὐτῷ
631 521 747 618 μοῖρα
773 521 944 616 Δελφικῷ
974 513 1083 616 ξίφει,
1112 515 1114 521 ’

240 649 347 734 δίκας
364 645 553 744 Ἀχιλλέως
577 642 716 742 πατρὸς
745 637 951 729 ἐξαιτοῦντά
974 672 1031 739 με.

149 781 232 849 1665
242 772 404 871 Πυλάδῃ
431 772 467 848 δ’
499 771 661 870 ἀδελφῆς
686 769 849 870 λέκτρον,
875 769 926 855 ὥς
950 770 1032 846 ποτ’
1061 771 1210 868 ᾔνεσας,
1333 753 1338 763 ’

241 898 324 986 δός·
353 900 372 975 ὁ
399 898 436 975 δ’
467 893 582 974 ἐπιών
605 923 668 972 νιν
691 895 820 996 βίοτος
844 895 1037 994 εὐδαίμων
1060 897 1173 995 μένει.

233 1029 389 1128 ’Άργοιις
414 1023 451 1100 d'
475 1021 664 1120 Ὀρέστην,
692 1023 898 1112 Μενέλεως,
923 1019 966 1098 ιἰἀ
990 1029 1152 1122 κρατεῖν,

168 1198 171 1208 ·
241 1151 429 1230 eluceri
460 1151 600 1224 ἄνασσε
625 1145 904 1253 Σπαρτιάτιδος
927 1146 1085 1245 χθονός,

242 1277 381 1378 φερνὰς
406 1277 502 1371 ἔχων
526 1270 730 1374 δάμαρτος,
756 1274 779 1372 t}
806 1299 846 1349 σε
870 1277 1019 1375 μυρίοις

149 1400 367 1487 167οπόνοις
392 1401 552 1477 διδοῦσα
576 1399 682 1500 δεῦρ’
714 1400 772 1476 ἀεὶ
796 1397 982 1500 διήνυσεν.

241 1527 290 1604 τά
315 1527 407 1630 πρὸς
431 1524 540 1604 πόλιν
564 1525 607 1602 δὲ
630 1526 723 1628 τῷδ’
754 1527 827 1631 ἐγώ
852 1525 962 1626 θήσω
987 1535 1120 1618 καλῶς,

242 1655 283 1740 ὅς
307 1683 369 1733 νιν
394 1662 575 1753 φονεῦσαι
600 1654 727 1754 μητέρ’
757 1651 1000 1758 ἐξηνάγκασα.

659 1837 960 1984 onoma.
1043 1839 1046 1846 ’

243 2071 275 2151 ὦ
301 2072 422 2160 Λοξία
446 2078 609 2171 μαντεῖε,
635 2082 715 2150 σῶν
741 2071 1021 2174 θεσπισμάτων.

245 2201 290 2278 οὐ
310 2183 569 2300 ψευδόμαντις
593 2197 685 2298 ἧσθ’
717 2202 796 2301 ἄρ’,
824 2202 903 2276 ἀλλ’
934 2199 1122 2299 ἐτήτυμος.

151 2315 235 2410 1675
243 2325 364 2406 καίτοι
388 2326 430 2426 μ’
460 2324 551 2425 ε’ςήει
576 2325 687 2427 δεῖμα
712 2323 764 2427 μή
790 2356 890 2414 τινος
913 2326 1039 2406 κλύων

241 2637 327 2699 retur,
362 2632 536 2704 vitareturque
564 2637 721 2706 anapaestus
746 2632 774 2687 in
820 2629 919 2688 mundo
940 2628 1013 2706 pede.
1061 2629 1129 2689 Vide
1157 2647 1225 2707 quae
1255 2629 1311 2689 dixi
1338 2630 1372 2688 ad

242 2709 323 2790 Soph.
344 2710 509 2772 Philonide.

329 2795 420 2856 1666.
443 2796 477 2855 L.
499 2796 588 2855 Harn.
609 2789 713 2856 αὐτόν.

227 2876 233 2881 ’
328 2879 421 2942 1664.
443 2881 524 2938 Iidem
547 2883 605 2939 libri
626 2881 669 2939 hic
688 2902 747 2940 cunr
769 2883 883 2959 vulgatis
905 2878 1076 2954 ἔξιιιτσῦντί
1092 2902 1142 2962 με,
1163 2883 1208 2941 ubi
1229 2883 1266 2942 11.
1289 2883 1313 2942 Ι.
1335 2883 1368 2942 R.

242 2967 316 3026 Flor.
338 2967 367 3025 A.
389 2967 457 3026 Ven.
479 2985 504 3024 a.
527 2962 706 3036 ἐξαιτοῦνται
726 2985 775 3043 με.
797 2966 866 3024 Ven.
888 2969 913 3025 b.
934 2975 1021 3026 autem
1044 2978 1071 3025 et
1094 2986 1126 3026 ex
1147 2973 1306 3026 correctione
1328 2968 1370 3030 Μ.
1463 3041 1464 3046 ¹

241 3045 456 3131 ἐξαιτουμένῳ.

331 3108 435 3194 1665.
445 3135 512 3195 Ven.
533 3153 558 3194 a.
586 3136 681 3212 aliique
709 3135 784 3197 multi
812 3135 886 3196 codd.
914 3145 944 3196 ut
974 3139 1068 3216 vulgo,
1101 3121 1142 3220 ᾦ,
1174 3136 1222 3194 sed
1248 3138 1312 3196 Par.
1334 3135 1370 3196 A.

244 3220 332 3280 Mocc.
353 3241 378 3279 a.
406 3221 440 3280 R.
467 3220 504 3280 N.
537 3221 608 3278 Flor.
631 3221 660 3280 A.
684 3219 734 3280 10.
764 3222 850 3282 Havn.
878 3230 905 3280 et
932 3241 979 3300 pro
1007 3221 1111 3280 diversa
1130 3223 1241 3280 lectione
1262 3223 1305 3284 Μ.
1327 3213 1373 3294 ὥς
1463 3239 1464 3246 ’

244 3325 303 3366 ποτ
307 3299 458 3386 ’ᾔνεσας
503 3302 532 3362 Μ
554 3325 611 3363 curn
635 3305 767 3364 Brunckio
792 3314 819 3364 et
839 3307 957 3364 Persono
980 3310 1074 3384 recepi.

332 3347 423 3452 1666.
446 3389 532 3468 Vulgo
554 3392 644 3466 μινεῖ.
686 3391 798 3451 Videtur
817 3386 899 3467 piro
924 3389 1093 3450 allrnnclrio
1114 3391 1257 3468 proiectum
1278 3409 1347 3450 esse.
1463 3397 1464 3424 ³

332 3472 422 3532 1672.
445 3474 521 3533 Cant.
543 3475 615 3534 Flor.
640 3470 728 3535 17.“
711 3495 791 3548 octog
812 3495 857 3552 pro
880 3469 913 3548 ὅς
934 3495 989 3537 νιν.
1024 3477 1054 3534 Μ
1074 3477 1194 3534 Porsono
1214 3495 1266 3534 non
1287 3480 1374 3533 onini-

244 3577 278 3617 no
302 3559 396 3614 malunr
424 3559 567 3616 videbatur.
620 3558 664 3616 Ad
691 3577 757 3662 qnae
784 3581 862 3637 quum
890 3561 1047 3619 Schaelerus
1076 3559 1231 3618 adscriberet
1258 3579 1287 3617 se
1315 3577 1373 3618 non

245 3650 336 3721 putare
358 3635 438 3713 ὅςτις
458 3644 610 3718 simpliciter
629 3661 675 3718 pro
698 3638 733 3715 tq
760 3645 827 3726 dici
854 3657 958 3724 apparet
985 3650 1009 3704 ei
1036 3665 1084 3703 nec
1111 3645 1249 3703 discrimen
1276 3643 1374 3702 luorum

244 3732 440 3806 pronominum,
471 3746 519 3786 nec
546 3727 674 3805 quomodo
696 3729 808 3789 Porsoni
839 3737 968 3790 sententia
997 3729 1101 3788 defendi
1121 3733 1206 3807 possit
1227 3733 1291 3787 sctis
1311 3747 1376 3805 per-

244 3821 359 3890 spectum
383 3813 474 3870 fuisse.

332 3895 473 3955 1676111
489 3894 550 3955 Ald.
565 3907 626 3974 poet
640 3892 858 3975 θεσπισμάτων
871 3899 974 3978 virgula
990 3893 1151 3968 distinctum,
1168 3913 1245 3974 qnam
1258 3897 1377 3956 sustule-

141 4007 143 4010 ’
246 3987 307 4040 runt
327 3991 418 4058 postea
439 3980 560 4051 editores,
580 3977 615 4041 cd
635 3977 843 4061 ψευδόμαντις
859 3985 924 4043 σῶν
946 3977 1165 4060 θεσπισμάτων
1176 3987 1378 4061 coniungentes

246 4066 314 4144 quod
328 4085 373 4142 per
385 4085 414 4124 se
426 4066 577 4171 languidum
591 4069 740 4148 languidius
753 4079 793 4127 est
815 4087 859 4148 per
880 4070 944 4128 σῶν
957 4085 1111 4170 pronomen.
1155 4067 1272 4126 Distinxi
1284 4065 1377 4143 plene.

247 4139 1380 4229 6ο11ο11οεῑεεεωΑαολλωνμαντευτικίἑνεκατωνσωνμαντισματων1111

247 4241 316 4294 enim
337 4233 402 4294 haec
422 4239 575 4296 exclamatio
590 4240 700 4311 Orestis,
720 4243 763 4316 qui
785 4259 863 4316 quum
887 4239 963 4297 modo
985 4259 1037 4297 una
1058 4257 1116 4296 cum
1138 4255 1229 4294 sorore
1248 4241 1276 4294 in
1298 4255 1381 4294 sunn-

249 4340 290 4378 mo
317 4323 430 4397 periculo
453 4324 603 4400 salutisque
635 4321 813 4400 desperatione
844 4335 963 4382 versatus
999 4335 1077 4394 esset,
1107 4325 1192 4380 subito
1225 4323 1311 4379 onrnla
1346 4324 1383 4380 in

248 4410 404 4464 contrarium
427 4417 526 4465 mutata
546 4407 650 4478 rideas,
677 4407 878 4468 admirabundus
899 4409 1042 4478 exclamat,
1073 4407 1193 4466 dictionis
1214 4403 1381 4482 Apollineae

248 4488 411 4558 recordatus,
439 4509 514 4566 quam
537 4509 584 4548 nec
606 4491 747 4552 crediderat
769 4494 887 4552 fallacem
909 4513 969 4551 esse
991 4509 1081 4571 posse,
1108 4509 1156 4550 nec
1177 4489 1306 4567 quomodo
1329 4509 1382 4548 re·

249 4589 333 4628 racem
354 4574 413 4630 lore
431 4582 547 4652 speraret
567 4573 698 4638 habuerat.
