2996 5136
789 336 861 411 158

272 519 322 599 εἷς
343 522 498 616 πρῷραν
522 515 640 614 είρπε,
675 518 768 593 κοῖπὶ
788 517 950 619 ταυρείῳ
973 527 1100 624 σφαγῇ

272 639 422 723 σταθεὶς
447 648 591 739 νεκρῶν
609 639 681 739 μὲν
706 633 858 727 οὐδενός
879 639 1033 741 μνήμην
1057 633 1166 742 έχων,

269 764 417 864 τέμνων
442 763 483 840 δὲ
508 765 644 862 λαιμὸν
671 767 806 863 εὔχετ’,
832 765 863 842 ὥ
887 766 1005 844 ναίων
1031 770 1103 844 ἅλα

270 891 397 965 πόντιε
422 889 611 966 Πόσειδον
640 891 789 988 Νηρέως
814 894 853 966 δ’
880 892 993 997 όιγναὶ
1018 890 1139 995 κόραι,
1216 919 1218 926 ’

183 1032 262 1092 1605
273 1011 419 1090 σοίσατέ
433 1015 472 1112 μ’
499 1015 551 1088 ἐπ’
567 1012 683 1098 δκτδις
702 1015 897 1100 Ναυπλίας
921 1014 1098 1119 δοίμαρτοί
1123 1048 1162 1093 τε

270 1141 409 1216 ἄσυλον
429 1142 470 1214 ἐκ
487 1146 565 1241 γῆς.
605 1143 761 1236 αἳματος
784 1140 823 1218 δ’
844 1142 1020 1240 ἀπορροαὶ

269 1267 305 1348 ἐς
330 1263 427 1361 οἶδμ’
448 1263 680 1359 ε’ςηκόντιζον
700 1267 824 1365 οὔριαι
848 1265 950 1366 ξένῳ.

269 1387 334 1464 καί
355 1417 411 1473 τις
430 1390 511 1464 τότ’
537 1388 630 1464 εἶπε·
668 1386 791 1474 δόλιος
811 1390 834 1485 ἡ
856 1389 1081 1491 ναυκληρία·

271 1510 383 1589 ποίλιν
406 1515 591 1613 πλέωμεν,
625 1515 734 1600 ἀξιῶ·
761 1515 920 1619 ’γκέλευε
947 1513 1012 1592 od·
1039 1521 1041 1527 '

182 1662 263 1716 1610
273 1639 320 1716 οδ
343 1638 384 1715 δὲ
410 1638 533 1739 στρέφ’
562 1643 667 1716 οἴακ’.
710 1645 750 1716 ἐκ
774 1641 816 1716 δὲ
838 1641 1013 1742 ταυρείου
1038 1635 1159 1739 φόνου

267 1765 418 1865 Ἀτρέως
443 1764 593 1848 σταθεὶς
615 1771 701 1849 παῖς
727 1763 906 1866 ἀνεβόησε
933 1764 1172 1864 σομμοίχους·

272 1967 539 1979 *affl-

354 2085 446 2140 1603.
490 2078 567 2140 Edd.
593 2090 662 2140 vett.
685 2080 766 2143 Flor.
785 2093 813 2146 1.
830 2094 861 2148 2.
882 2079 1007 2165 δαίμον’.
1033 2082 1193 2165 Stephanus
1207 2095 1237 2148 ut
1251 2083 1375 2146 ests.

270 2157 388 2243 λαιμὸν,
410 2160 483 2240 quod
505 2165 629 2223 restitnit
650 2163 803 2227 canterus.
1230 2182 1232 2191 ’

355 2270 446 2326 1607.
489 2263 655 2324 Tenuenont
675 2266 822 2326 novissimi
840 2265 967 2327 editores
987 2264 1122 2325 librorum
1141 2267 1307 2346 scripturam
1324 2264 1375 2328 oii-
1482 2333 1483 2336 ,

271 2369 330 2427 ρια,
351 2365 422 2426 quae
444 2345 558 2407 defendi
581 2347 692 2426 quidem
714 2360 818 2428 potest,
844 2349 894 2411 scd
917 2362 1010 2410 tamen
1033 2358 1063 2408 ut
1085 2348 1213 2409 deterior
1233 2349 1373 2424 videntur,

271 2451 352 2512 quum
375 2429 490 2507 adpone,
512 2429 585 2510 quod
605 2431 640 2490 ab
659 2431 797 2494 Etnsteio
818 2433 852 2492 ad
874 2434 994 2496 Hercei.
1018 2442 1091 2496 822.
1115 2443 1145 2492 et
1164 2431 1200 2492 ad
1220 2431 1304 2492 Med.
1319 2441 1374 2498 43.

271 2525 329 2574 not.
351 2536 385 2574 rc.
409 2514 530 2592 positum
551 2511 589 2574 L.
611 2512 777 2578 Dindorfius
802 2520 920 2596 recepit.
969 2515 1104 2576 Mittor
1131 2516 1243 2575 facilius
1270 2528 1300 2576 et
1329 2518 1375 2578 hio

271 2597 401 2677 quidem,
436 2608 500 2676 post
528 2616 630 2658 nomen
658 2599 764 2678 aliquot
789 2600 949 2662 interiectis
975 2599 1070 2659 verbis
1100 2599 1200 2678 posito¹
1220 2598 1374 2675 adiecdrn,
1412 2626 1414 2630 ¹

270 2683 362 2762 aptius
385 2679 532 2748 videbatur
554 2679 663 2762 οὔριαι.
705 2680 783 2745 Vide
804 2682 840 2743 ad
864 2704 891 2742 v.
908 2691 1002 2746 1631.
1045 2680 1093 2754 Ἐς
1113 2681 1160 2742 hie
1178 2679 1248 2744 Ald.

354 2789 447 2843 1608.
490 2778 591 2838 Libri:
615 2778 667 2839 καί
686 2803 731 2853 τις
751 2777 812 2841 τόδ’
828 2777 903 2854 εἶπε,
925 2792 955 2842 ct
971 2782 1016 2840 tric
1031 2791 1059 2841 ct
1072 2782 1100 2841 in
1116 2781 1207 2842 Herc.
1222 2783 1281 2842 fur.
1297 2787 1373 2845 sot.

268 2865 424 3008 ppllmcppeppps
444 2864 536 2922 locum
564 2862 712 2942 utrubique
741 2860 802 2926 τότ’
828 2884 893 2959 epse
920 2863 1099 2926 scribendum
1130 2872 1211 2925 reete
1239 2865 1376 2928 iudicavit

355 3053 446 3110 1609.
490 3043 591 3110 Libri:
614 3041 706 3110 πόλιν
723 3043 859 3124 πλέωμεν
877 3047 1009 3125 Ναξίαν,·
1031 3046 1131 3110 κέλευε
1151 3042 1200 3120 od,
1222 3048 1277 3109 nisi
1300 3048 1376 3128 quod

268 3130 337 3214 Por.
364 3131 402 3190 G.
423 3127 526 3206 detor,
560 3129 610 3190 sed
634 3132 827 3211 superscripto
848 3133 961 3207 ναξίιιι.
1005 3132 1087 3207 Quae
1108 3131 1162 3194 uiri
1184 3129 1260 3190 docti
1282 3142 1375 3192 tenta·

269 3225 336 3276 runt
350 3215 484 3295 pleraque
502 3215 581 3275 sileri
595 3215 683 3273 satius
701 3226 754 3278 est.
793 3215 915 3282 Rutilius
938 3215 1012 3278 haud
1033 3215 1116 3276 dubio
1137 3234 1235 3276 veruna
1256 3235 1288 3274 se
1309 3235 1375 3295 rop-

268 3300 380 3379 perisse
401 3310 479 3360 ratus
501 3297 608 3361 edidit:
641 3293 734 3361 πόλιν
754 3300 898 3383 πλέωμεν.
942 3300 1036 3375 ίίξιον.
1066 3299 1165 3362 κέλευε
1187 3295 1233 3360 od.
1276 3297 1374 3377 rung-

268 3381 333 3440 kius
354 3383 479 3441 coniecit
500 3380 621 3458 ἐξονείς,
642 3381 754 3442 scilicet
773 3379 882 3460 κίλως,
904 3387 1093 3463 coniungens,
1114 3394 1145 3443 nt
1164 3378 1287 3453 videtur,
1310 3401 1372 3441 oum

268 3464 369 3526 κέλευε
393 3461 449 3536 od,
481 3465 509 3523 in
536 3481 654 3544 eamque
687 3482 746 3524 rena
771 3467 869 3526 citavit
896 3465 1082 3528 Schneicrum
1109 3464 1143 3525 ad
1172 3463 1272 3523 Lerni.
1299 3463 1370 3526 Bos.

268 3568 299 3626 p.
318 3549 392 3608 520.
412 3547 460 3605 nbi
483 3547 589 3606 frustra
611 3565 730 3626 quaeres
746 3547 865 3627 aliquid,
884 3549 963 3628 quod
985 3548 1022 3609 nd
1042 3550 1115 3612 hanc
1138 3567 1197 3606 rem
1218 3547 1372 3624 pertineat,

269 3640 299 3689 et
326 3648 392 3691 sese
422 3627 458 3688 ad
478 3627 604 3688 Medeae
630 3651 658 3690 v.
682 3637 756 3692 278.
781 3633 830 3691 ubi
851 3651 914 3692 enm
937 3630 1035 3692 videas
1056 3628 1251 3692 diversissima
1274 3632 1374 3689 contn-

268 3712 360 3773 diose.
408 3711 483 3772 Nam
506 3708 603 3773 odore
623 3709 725 3774 κοίλων
746 3709 861 3776 dordone
887 3714 954 3794 quid
982 3724 1079 3788 esset,
1108 3733 1145 3774 ex
1168 3711 1274 3770 scholio
1299 3711 1376 3791 apud

268 3796 431 3860 Moreilinrn
456 3793 494 3866 od
512 3793 613 3860 Dion.
626 3794 780 3878 chrysost.
802 3797 855 3862 0r.
873 3798 929 3860 dv.
953 3818 982 3877 p.
1001 3801 1071 3872 166.
1096 3794 1142 3857 cd.
1163 3793 1264 3855 Reisk.
1289 3813 1373 3874 quem

268 3882 359 3942 locum
379 3880 480 3952 affort,
503 3899 679 3959 cognoscere
701 3889 821 3960 poterat.
867 3882 924 3956 Qui
946 3882 1022 3941 onim
1044 3878 1118 3942 idem
1141 3879 1179 3958 sit
1199 3877 1305 3952 ἐξιέναι
1326 3881 1373 3940 vet

269 3963 410 4030 ἐκτείνειν
430 3959 528 4028 πάντα
549 3961 650 4032 κόλων
672 3975 717 4035 et,
741 3963 816 4044 quod
837 3965 1008 4024 eontrarium
1031 3974 1087 4039 εει,
1111 3958 1236 4036 dordone,
1259 3962 1304 4023 cui
1320 3983 1373 4042 par

269 4062 313 4110 est
334 4047 499 4126 ἐξανιένωλ
540 4045 580 4110 Et
599 4049 661 4128 quis
684 4047 829 4122 staunton
850 4049 892 4108 sio
913 4046 987 4108 nude
1009 4045 1102 4108 dixit?
1142 4043 1210 4105 Non
1228 4045 1299 4106 adeo
1316 4045 1371 4106 dii-

269 4135 342 4194 fleiie
370 4144 434 4196 erat
453 4131 561 4212 aliquid
586 4131 759 4211 probabilius
789 4132 934 4191 invenire:
973 4127 1065 4192 πόλιν
1094 4130 1247 4210 πλέωμεν,
1279 4127 1370 4204 dcco·

268 4213 394 4298 ’γκέλευε
416 4211 463 4278 od.
506 4215 579 4276 Erat
598 4216 668 4276 haec
692 4214 844 4294 singularis
866 4234 914 4283 ars
937 4211 1102 4294 Euripidis,
1131 4224 1162 4273 ut
1183 4214 1256 4276 scite
1279 4233 1371 4275 mores

269 4311 353 4379 etque
374 4301 489 4378 ingenia
509 4298 651 4360 hominurn
674 4297 854 4379 exprimeret.
899 4297 944 4357 Αο
966 4297 1059 4358 solent
1079 4299 1108 4357 in
1130 4299 1177 4358 tali
1194 4296 1371 4372 consociere

270 4401 368 4443 omnes
387 4383 461 4442 velie
482 4378 593 4464 quidem
620 4380 726 4460 aliquid
748 4381 814 4459 agi,
848 4377 899 4442 sod
922 4400 1006 4442 nemo
1027 4382 1134 4462 primns
1157 4397 1216 4441 rem
1238 4377 1368 4457 aggredi.

269 4468 366 4546 ltaque
393 4464 519 4524 timidius
547 4461 616 4544 quid
639 4462 796 4524 iaciendum
817 4475 933 4525 censeat
954 4461 1095 4525 dicentem
1116 4461 1284 4533 introducit,
1320 4481 1371 4540 po·
1482 4509 1483 4546 p

269 4560 450 4631 necnonque
473 4549 508 4608 ab
531 4549 605 4620 olio,
634 4547 659 4607 is
680 4559 711 4608 nt
732 4545 781 4610 det
801 4549 922 4629 signum.
966 4548 1040 4610 Nam
1060 4548 1114 4608 hoo
1133 4556 1180 4607 est
1199 4541 1370 4628 ίγιιελεόειν.
