2994 5128
791 301 815 346 X

239 467 303 538 iarn
337 464 419 538 satis
451 463 633 561 productae
668 461 799 534 labulac
835 467 933 558 rupto
962 459 1124 533 violenter
1148 459 1236 534 nodo
1261 461 1361 535 duem

238 593 424 689 imponeret
448 615 535 683 eum,
571 613 666 686 quem
692 589 843 686 plerique
868 586 1017 660 homines
1045 595 1172 685 optant,
1205 596 1242 661 ut
1268 615 1364 663 coru-

238 719 349 814 posito
376 717 564 790 discrimine
590 711 704 788 dmues
730 715 878 788 contenti
903 712 1086 788 discedant.

339 843 496 941 Exposui
522 849 747 939 argumentum
774 841 979 938 tragoediae,
1009 840 1043 912 in
1071 863 1135 938 qna
1161 863 1203 914 ne
1228 841 1363 916 Helena

173 945 182 956 ’
239 979 274 1043 et
299 969 481 1043 Hermiona
515 993 677 1067 personae
710 993 776 1040 nou
803 968 1011 1040 necessariae
1044 990 1119 1040 esse
1155 968 1357 1062 viderentur,

236 1105 327 1170 recte
355 1105 484 1169 cautum
512 1106 564 1168 est
588 1096 623 1166 iu
645 1096 800 1192 prologo,
828 1119 893 1190 quo
908 1095 1047 1168 Electra
1073 1102 1247 1192 postquam
1262 1096 1361 1167 Tan·

237 1223 419 1294 talidarum'
437 1222 598 1294 funestam
625 1230 747 1294 sortem
775 1229 955 1318 conquesta
981 1228 1044 1313 est,
1062 1254 1064 1258 ·
1081 1221 1238 1294 indicium
1265 1222 1359 1318 capi-

175 1343 177 1350 ‘
236 1350 281 1422 tis
308 1347 426 1422 Oresti
451 1349 579 1444 sibique
604 1347 774 1419 inominere
801 1348 901 1439 dicit,
936 1373 1002 1444 quo
1034 1371 1075 1420 ne
1101 1347 1361 1422 condemnentur

235 1475 365 1548 unicam
391 1499 483 1573 spem
510 1499 584 1547 esse
608 1475 645 1545 in
662 1471 834 1566 Menelao,
862 1474 918 1570 qui
943 1474 1126 1571 praemissa
1141 1473 1271 1546 Helena
1297 1475 1361 1546 ad-

235 1603 300 1693 sit,
334 1602 435 1674 liliam
461 1601 697 1692 Hermionam,
732 1624 828 1696 quam
853 1600 950 1673 raldo
976 1608 1082 1693 amet,
1115 1623 1225 1672 secum
1253 1600 1361 1672 addu-

235 1753 326 1802 cens.
388 1727 518 1802 Eodem
551 1727 651 1800 modo
683 1734 793 1799 autem
825 1727 936 1800 statim
968 1727 1002 1798 iu
1036 1726 1179 1824 prologo
1212 1751 1359 1824 prospa-

235 1863 323 1928 ctnm
359 1879 433 1928 esse
460 1854 636 1952 oportebat
667 1853 915 1927 introducendis
942 1852 1102 1949 Tyndaro
1136 1862 1170 1926 et
1195 1852 1357 1950 Pyladae,

235 1983 290 2078 qui
316 2005 423 2074 nuuc,
458 1980 546 2078 quod
574 1981 731 2054 vitiosum
757 1990 828 2074 cst,
863 2003 941 2054 casu
974 1981 1009 2052 iu
1034 1979 1174 2054 mediam
1200 2003 1270 2051 rem
1296 1979 1361 2051 ad-

232 2108 382 2182 veniunt.
434 2105 475 2181 Si
501 2117 570 2181 tum
597 2115 813 2204 sequerentur
838 2131 878 2181 aa
904 2131 988 2204 qnae
1013 2107 1140 2199 rettuli,
1167 2113 1259 2178 recte
1275 2129 1361 2204 pro-

233 2234 352 2308 cedere
378 2235 489 2307 fabula
514 2234 698 2309 existimari
723 2242 851 2332 posset.
903 2233 1031 2307 Verum
1057 2233 1184 2331 placuit
1198 2229 1358 2330 Euripidi

105 2391 107 2397 ⁸
231 2385 324 2434 ruore
350 2387 411 2435 suo
437 2363 546 2434 aliena
570 2363 735 2454 intexere,
769 2362 887 2458 quibus
912 2361 1049 2434 exiliter
1080 2360 1274 2458 compositis
1300 2381 1359 2433 res

231 2489 343 2587 grauis
377 2488 420 2562 ad
454 2473 635 2562 communis
670 2489 757 2561 ritae
792 2489 986 2562 tenuitatem
1026 2487 1185 2586 depressa
1229 2486 1358 2584 populo

230 2617 395 2713 placitura
428 2617 608 2689 videretur.
666 2613 707 2688 Iu
741 2615 793 2688 luis
826 2616 933 2713 primo
965 2615 1040 2712 ipsa
1072 2613 1223 2687 Helenae
1256 2605 1358 2710 atquc

229 2741 432 2817 Hermionae
457 2743 659 2815 introductio
686 2742 886 2814 numeranda
922 2749 987 2814 est.
1045 2739 1130 2814 Nam
1166 2741 1250 2813 satis
1282 2749 1359 2813 erat

229 2869 319 2942 intus
347 2895 422 2943 esse
447 2869 530 2942 istus
557 2869 726 2959 mulieres,
760 2876 798 2940 ut
822 2867 968 2940 interfici
991 2864 1137 2959 Helena,
1173 2869 1268 2965 ringo
1293 2889 1359 2939 au-

230 3003 297 3069 tem
322 2997 358 3068 in
383 3003 473 3068 tecto
499 2995 601 3067 statui
633 3002 762 3093 posset.
823 2994 990 3087 Quorsum
1026 3017 1107 3092 ergo
1140 2994 1175 3067 in
1210 3017 1359 3092 conspe-

230 3129 318 3228 ctum
344 3123 526 3220 productae
552 3129 648 3214 suut,
684 3122 750 3194 cisi
770 3129 819 3194 -ut
843 3119 975 3194 Helena
1011 3122 1053 3194 ob
1089 3121 1216 3194 turmae
1241 3143 1357 3196 curam

229 3250 492 3347 vituperaretur,
529 3272 613 3346 quae
646 3257 814 3322 extremos
841 3256 967 3322 tautum
993 3248 1133 3322 erinium
1158 3249 1271 3346 apices
1296 3255 1357 3320 tu-

228 3377 318 3449 mulo
345 3378 471 3450 sororis
497 3383 683 3468 consecret,
709 3372 893 3448 Hermiona
918 3382 1028 3448 autem
1060 3374 1103 3447 ad
1126 3373 1211 3447 illud
1237 3375 1356 3471 sepul-

230 3525 322 3574 crum
349 3503 553 3596 mitteretur,
587 3526 697 3599 aquo
723 3508 943 3574 reuertentem
976 3501 1185 3600 corriperent
1208 3498 1354 3574 Orestes

229 3636 264 3701 at
288 3627 445 3725 Pylades,
474 3653 610 3726 quorum
637 3653 704 3702 non
731 3629 836 3702 minus
862 3629 897 3702 iu
922 3635 1088 3726 potestate
1115 3636 1199 3722 erat,
1233 3627 1355 3700 sido-

227 3781 282 3831 mo
308 3781 373 3828 non
400 3755 539 3829 exisset.
591 3754 739 3830 Grauius
769 3755 805 3828 iu
832 3754 965 3829 Orestis
1003 3777 1148 3854 persona
1178 3762 1354 3852 peccatum

229 3892 294 3957 est.
355 3882 441 3956 Eum
474 3884 647 3957 constabat
678 3908 699 3956 a
730 3881 846 3956 Furiis
878 3884 1011 3980 agitari.
1069 3882 1118 3955 Aa
1152 3877 1231 3978 quid
1263 3867 1357 3954 nunc

230 4035 313 4107 opum
339 4017 412 4082 erat
435 4010 578 4102 insania,
604 4010 661 4081 ubi
686 4035 752 4082 nou
777 4010 866 4107 quod
891 4010 1064 4101 insaniret,
1091 4009 1150 4082 sad
1177 4007 1264 4105 quod
1280 4031 1355 4080 ma-

229 4144 315 4210 trem
339 4136 564 4210 interfecisset
589 4135 709 4232 capitis
734 4160 811 4207 reus
838 4129 1025 4230 agebatur?
1067 4135 1134 4210 Est
1159 4143 1354 4208 autemnon

229 4262 327 4336 modo
352 4263 426 4359 ipsa
451 4262 581 4335 insania
605 4262 753 4352 inutilis,
794 4261 853 4333 sed
887 4262 987 4336 etiarn
1019 4263 1126 4337 lorma
1161 4263 1234 4337 eins
1251 4262 1353 4356 talis,

230 4411 315 4484 quae
341 4413 439 4485 quum
465 4389 597 4463 omniun
624 4387 800 4462 obhorreat
832 4396 995 4463 enatura
1026 4389 1241 4490 tragoediae,
1282 4396 1355 4462 turn

229 4521 356 4610 pugnet
388 4516 486 4588 etiam
520 4539 594 4588 euru
629 4521 779 4587 ermerus
811 4522 907 4612 parte
938 4515 1082 4594 fabulae·
1140 4513 1227 4590 Nam
1251 4515 1353 4589 borno
