2996 5136
802 313 876 386 160

286 491 509 593 πρύμνηθεν
531 492 689 587 Ἑλένης·
719 501 793 570 πού
817 488 861 570 τὸ
891 495 1060 595 Τρωϊκὸν
1085 497 1207 587 elios

285 620 426 704 δείξατε
451 616 543 717 πρὸς
570 614 712 714 ἄνδρας
737 615 977 719 βαρβάρους·
1004 619 1168 716 σπουδῆς
1189 620 1227 697 δ’
1249 621 1324 698 ὕπο

285 749 438 822 ἔπιπτον
444 796 457 831 ,
484 743 519 817 o‘t
540 739 578 816 δ’
600 742 820 840 ὠρθοῦντο,
852 742 941 828 τούς
964 743 1005 821 δὲ·
1027 746 1217 844 κειμένους

195 894 276 953 1625
285 866 438 971 νεκρούς
461 867 497 941 τ’
519 865 569 944 ἂν
596 865 699 950 elder.
757 868 955 954 Μενέλεως
979 869 1019 944 δ’
1038 872 1139 967 ’ἔχων
1163 871 1270 960 ὅπλα,

284 998 370 1072 ὅποι
393 997 539 1071 νοσοῖεν
564 987 750 1089 ξύμμαχοι
774 1002 1035 1083 κατασκοπῶν,

283 1193 545 1212 ..ιιι-,-

282 1332 355 1395 puae
380 1330 437 1372 ooo
458 1309 498 1370 od
516 1307 704 1367 dimicandum
725 1310 949 1389 adhortaretur,
982 1313 1011 1372 iu
1030 1316 1122 1394 puppi
1137 1315 1241 1374 stantis
1261 1317 1387 1377 Helenae

282 1407 358 1456 arnt.
401 1392 562 1463 Matthiae,
590 1391 646 1452 etsi
670 1392 775 1472 δέομαι
796 1393 944 1455 barbarum
964 1397 1098 1466 vocavit,
1125 1395 1238 1476 reliquit
1259 1409 1385 1460 veteram

282 1481 467 1559 scripturam,
502 1495 583 1555 quam
605 1472 789 1553 Musgravius
810 1496 847 1537 ex
868 1476 995 1538 Luciauo
1018 1489 1047 1538 et
1067 1478 1190 1540 Philone
1211 1480 1316 1542 Iudaeo
1336 1482 1386 1542 ad·

281 1572 433 1622 struxerat.
484 1558 640 1619 Lucianum
671 1569 700 1618 at
727 1558 907 1620 Plutarchum
938 1557 978 1621 ita
1004 1561 1134 1641 loquutus
1161 1582 1226 1623 esse
1248 1567 1385 1646 exemplis

279 1643 405 1706 ostendit
425 1642 462 1703 C.
485 1641 611 1704 lacobitz
634 1638 671 1700 ad
693 1640 841 1721 cataplum
865 1662 891 1704 c.
909 1652 942 1705 se
963 1665 992 1726 p.
1009 1651 1040 1707 8.
1090 1646 1141 1706 stc
1165 1648 1250 1706 etiam
1272 1647 1385 1730 Diony·

280 1731 340 1790 sins
361 1728 428 1788 llnl.
453 1726 555 1804 Antiq.
577 1723 632 1785 lv.
650 1734 701 1788 38.
728 1747 756 1806 p.
773 1733 847 1789 738.
871 1727 976 1808 aliique
996 1730 1207 1802 recentiorum,
1234 1744 1384 1792 memorat-

279 1832 334 1893 que
364 1811 478 1890 ίῤῥεῐτο
505 1819 536 1868 nt
562 1807 688 1868 Atticam
715 1810 851 1882 formam,
888 1829 970 1889 quum
991 1813 1077 1873 lones
1102 1812 1219 1889 ἒῤῥίειο
1246 1814 1381 1888 dixerint,

278 1895 459 1975 Phrynichus
480 1913 508 1972 p.
519 1901 594 1953 220.
639 1890 742 1971 Neque
763 1913 832 1953 vero
853 1891 899 1952 bic
920 1895 1026 1974 passivi
1046 1916 1113 1955 usus
1135 1917 1189 1956 non
1211 1908 1254 1956 est
1274 1899 1309 1957 ab
1334 1919 1384 1958 an-

278 1978 445 2058 tiquioribus
464 1986 608 2053 acceptus.
654 1973 743 2034 Certe
764 1975 868 2057 ldpoirs
889 1976 1054 2056 ῥεούμενοι
1070 1989 1116 2038 εει
1132 1979 1161 2039 in
1177 1981 1292 2040 oraculo
1308 1981 1382 2062 apud

277 2059 456 2123 Herodotum
481 2059 550 2120 Vll.
575 2064 647 2123 140.
692 2057 814 2120 Formae
842 2060 891 2120 isti
919 2059 1114 2122 defendendae
1135 2061 1324 2123 Buttmannus
1351 2067 1381 2126 iu

277 2165 396 2224 gramm.
418 2142 471 2210 Gr.
493 2142 533 2202 ΙΙ.
555 2163 584 2223 p.
604 2149 673 2206 114.
698 2140 823 2203 admovit
843 2143 1064 2224 μαχεούμενον,
1098 2157 1258 2226 corruptam
1280 2158 1381 2226 putans

278 2247 345 2288 esse
367 2228 552 2306 scripturam,
583 2234 723 2306 quaeest
746 2225 819 2306 apud
840 2226 1015 2290 Clementem
1038 2226 1207 2310 ῥεούμενοι.
1248 2228 1382 2291 Dubitari

276 2323 372 2372 tamea
393 2319 507 2390 potest,
534 2329 570 2370 an
591 2309 679 2370 luerit
700 2308 887 2390 ἔρῤευμίνον.
928 2312 997 2374 Non
1017 2314 1105 2392 igitur
1123 2312 1243 2374 barbare
1264 2316 1382 2396 scripsit

276 2393 444 2476 Euripides,
466 2393 491 2452 si
512 2394 628 2474 scripsit
650 2393 776 2476 ε’ῤῥεϊτο.

360 2525 453 2582 1622.
497 2516 620 2598 intelligi
644 2537 712 2578 sane
733 2529 845 2599 potest,
880 2540 933 2581 nec
955 2531 1000 2580 sat
1021 2521 1117 2599 gravis
1137 2539 1240 2580 caussa
1260 2531 1306 2582 εει
1328 2539 1380 2583 cnr

275 2603 466 2684 improbetur,
494 2600 568 2682 quod
588 2603 721 2681 scriptum
742 2611 787 2663 est
808 2604 838 2662 in
859 2603 959 2662 libris:
982 2608 1044 2665 orosi
1064 2601 1098 2665 τδ
1122 2599 1260 2682 Τρωϊκὸν
1278 2604 1379 2683 κίίοςς

274 2689 388 2762 δείξατε
408 2681 486 2768 πρὸς
506 2683 618 2765 ἄνδρας
638 2681 827 2764 βαρβάροοςι
862 2685 913 2745 εεδ
935 2698 1044 2758 tamen,
1074 2687 1099 2746 si
1119 2697 1175 2747 tam
1196 2687 1292 2748 brevis
1313 2707 1378 2750 esse

274 2772 361 2832 vellet
383 2770 507 2840 Helena,
532 2767 586 2827 boc
607 2768 701 2848 potius
722 2778 969 2847 exspectaremus:
995 2773 1057 2831 πού
1076 2765 1110 2831 cd
1135 2765 1273 2852 Τρωϊκδν
1294 2773 1380 2846 κλέος

274 2857 409 2917 δείκνυτε
431 2848 509 2931 πρὸς
530 2850 642 2924 ἄνδρας
663 2848 837 2927 βαρβάρους
845 2877 855 2928 ;
898 2850 935 2910 de
964 2869 1018 2930 qno
1045 2871 1154 2931 genere
1180 2853 1312 2934 loquendi
1335 2857 1379 2917 vi·

273 2936 381 2998 dendus
402 2933 555 2994 Elmsleius
576 2929 612 2991 ad
633 2931 752 2992 hierocl.
769 2942 842 2996 371.
883 2932 1088 3014 Nnnc,.quum
1111 2938 1224 3012 δείξατε
1242 2941 1378 3019 scriptum

272 3018 397 3093 videam,
421 3035 524 3077 vereor
545 3035 581 3076 ue
602 3013 743 3075 exciderit
763 3015 878 3098 aliquid.
922 3017 1035 3092 Quanto
1058 3021 1133 3081 enim
1154 3023 1255 3082 lortius
1276 3024 1318 3082 sic
1336 3025 1378 3083 lo·

272 3113 425 3184 quereturz
455 3104 518 3162 ποῦ
545 3097 580 3162 cd
612 3096 750 3181 Τρωϊκὸν
769 3105 871 3179 κίίος;
903 3098 1048 3184 Ἕλληνες
1069 3103 1154 3180 ὄντες
1174 3105 1226 3169 καί
1246 3108 1378 3189 Φρυγῶν

271 3183 464 3268 πορθήτορες
485 3184 598 3261 δείξατε
618 3179 696 3266 πρὸς
717 3183 829 3268 ἄνδρας
848 3184 1032 3269 βαρβάρους.

359 3309 450 3368 1624.
494 3299 563 3362 Αίδ.
588 3299 679 3362 Brub.
708 3297 780 3376 τούς
802 3300 834 3365 δὲ
855 3301 1026 3384 κειμένους,
1058 3301 1184 3389 νεκρούς
1211 3303 1250 3369 δν
1278 3301 1374 3381 elder:

271 3386 345 3468 quod
361 3397 458 3460 esset,
483 3389 535 3465 qui
552 3395 646 3445 antem
667 3387 819 3459 nocebunt,
849 3398 976 3449 mortuos
997 3391 1119 3451 orllcres.
1162 3388 1210 3449 Ex
1230 3389 1322 3451 Horu.
1341 3401 1373 3452 2.

269 3473 299 3531 iu
321 3471 392 3530 alias
413 3477 595 3550 propagatum
617 3475 662 3528 est
681 3467 786 3542 τούςδε
806 3469 961 3548 κειμένους
980 3469 1107 3549 νεκρούς
1128 3471 1167 3534 δν
1189 3469 1274 3546 εἶδες.
1301 3473 1376 3534 Bar·

269 3555 368 3614 nesius
390 3553 536 3613 revocavit
557 3545 630 3622 τούς
650 3549 691 3612 δὲ.
733 3549 780 3610 Et
793 3563 872 3612 recte
895 3573 965 3613 sane
988 3554 1045 3616 dici
1068 3555 1174 3636 potuit,
1205 3560 1278 3617 alios
1298 3577 1375 3617 mor·

270 3648 334 3698 ιιιοε
356 3639 480 3696 tacentes
506 3634 627 3694 arderes.
679 3633 739 3694 Sed
767 3645 823 3694 ιοιο
852 3636 951 3696 inutile
980 3648 1008 3697 et
1035 3637 1196 3716 languidum
1222 3650 1266 3698 est
1297 3639 1375 3700 istud

266 3719 435 3801 κειμένους,
459 3727 489 3777 οι
510 3737 567 3776 non
588 3714 774 3777 dubitaverim
798 3717 924 3792 νεκρούς
944 3715 969 3779 τ’
990 3721 1137 3782 exhihere.
1181 3720 1256 3780 Nam
1275 3721 1374 3801 κείμε-

266 3828 316 3868 νοι
338 3814 402 3863 sunt
422 3800 557 3883 prostrati
576 3799 753 3874 vulneribus,
779 3800 899 3863 necdum
913 3804 1030 3863 mortni:
1058 3805 1105 3882 qui
1126 3813 1191 3861 sunt
1208 3804 1268 3874 alii,
1290 3824 1373 3883 quam
1480 3765 1483 3900 l

267 3888 304 3950 da
325 3887 425 3968 quibus
446 3883 528 3945 modo
549 3881 653 3942 dictam
674 3895 737 3943 erat
757 3887 892 3964 σπουδῆς
912 3884 975 3948 dno
997 3886 1139 3948 ίιιιιιιονι
1168 3884 1197 3946 hi
1219 3886 1294 3947 anim
1314 3909 1373 3951 non

266 3992 320 4054 per
334 3973 443 4042 hostes,
465 3967 518 4029 sed
538 3964 611 4046 quod
625 3985 697 4047 prae
712 3968 893 4029 festinatione
913 3980 1042 4043 ruerent,
1066 3970 1110 4030 vel
1132 3969 1209 4030 inter
1227 3984 1293 4032 ses’e
1312 3974 1373 4034 col·
1478 3942 1483 4062 l

266 4057 312 4116 lisi
335 4056 381 4115 vel
408 4051 584 4115 offendentes
609 4048 646 4110 ad
667 4069 793 4131 eaquae
815 4053 845 4112 in
866 4055 930 4114 navi
952 4054 1115 4126 obstarent,
1137 4053 1370 4134 prolabebantur.

300 4206 303 4214 ,
350 4187 443 4242 1626.
488 4174 569 4235 Libri
589 4171 670 4235 διιοι.
692 4173 845 4236 Elmsleins
865 4175 901 4236 ad
921 4176 1177 4258 lpb.'l'aur.110.
1202 4176 1274 4261 dap,
1296 4178 1371 4259 qnod

264 4273 436 4343 receperunt
447 4258 590 4320 Diodortii
606 4268 635 4317 ει
648 4257 807 4338 Pllugkins.
835 4259 902 4338 Ego
917 4259 1027 4341 quidem
1045 4273 1124 4323 rocta
1137 4281 1168 4322 se
1183 4261 1290 4323 habore
1301 4275 1370 4343 pato

266 4343 357 4418 ὅποι,
377 4343 452 4425 quod
474 4353 518 4403 est
540 4341 634 4404 ἐκεῖσε
656 4339 750 4418 ὅποτ’,
776 4345 816 4404 nd
837 4363 871 4404 ca
893 4347 956 4406 loco
979 4347 1164 4408 convertebat
1182 4349 1297 4417 oculor,
1317 4347 1374 4408 alti

262 4449 330 4490 ευοε
356 4430 490 4489 ίαίονανε
521 4425 772 4489 απιίιιοίοετιενει.
821 4425 868 4490 lle
888 4428 1048 4490 differentia
1074 4431 1191 4490 istarum
1213 4429 1368 4490 formarum

263 4513 367 4574 dictum
388 4510 424 4572 ad
443 4508 582 4570 Hecubae
605 4527 634 4568 v.
653 4517 744 4572 1028.
