2996 5136
642 302 711 376 151
813 258 820 271 ’

519 483 820 560 mannos.

115 633 231 719 ἄναξ,
254 630 301 706 τα
327 627 475 730 μόκισὺ
503 634 544 708 ἓν
568 631 698 734 δόμοις
723 637 754 712 ό
781 634 1006 737 εὑρήκαμεν·

115 757 166 840 ὡς
189 754 293 831 καίν’
315 753 465 832 ἀκούσει
491 760 627 854 ,σήματ’
650 764 690 848 ἐξ
711 766 805 862 ἐμοῦ
823 759 931 859 τόχα.

430 961 901 1040 ΘΕΟΚΛΥΜΕΝΟΣ.

111 1112 148 1188 τί
173 1113 212 1188 ‹t’
235 1115 359 1201 ἔσ·τιν,·

519 1271 599 1341 ΑΓ
601 1271 638 1339 Γ
640 1270 719 1342 ΕΛ
729 1273 816 1346 ΟΣ.

322 1423 432 1516 ἄλλης
456 1420 601 1498 ἐκπόνει
625 1420 892 1520 μνηστεύματα

106 1543 305 1647 γυναικός·
336 1547 457 1642 Ἑλένη
478 1546 552 1650 γὰρ
577 1547 705 1646 (tostos
733 1550 801 1632 ἔξω
823 1545 978 1644 χθονός.

426 1751 625 1826 ΘΕΟΚΛ
639 1754 899 1826 ΥΜΕΝΟΣ.

105 1907 295 2001 πτεροῖσιν
319 1901 463 2002 ἄρθεῖό
487 1903 511 1999 ἢ
535 1904 748 2002 πεδοστιβεῖ
766 1903 874 1994 ποὺί,·

499 2108 805 2182 ΑΓΓΕΛΟΣ,

104 2255 299 2341 Μενέλαος
320 2257 439 2352 αὑτήν
463 2258 787 2361 ἐκπεπόρθμευται
805 2256 963 2355 χθονός,

104 2379 144 2461 ὃς
168 2377 281 2465 αὑτός
306 2382 423 2459 αὑτὸν
443 2381 562 2480 ἦλθεν
586 2386 775 2489 ἀγγέλλων
800 2388 945 2460 θανεῖν.

187 2627 281 2686 1531.
324 2626 425 2688 Libris
449 2626 534 2704 ἅναξ,
554 2629 589 2689 τᾶ
611 2622 725 2689 κάκιστ’
747 2625 780 2690 ἒν
801 2623 909 2706 δόμοις
928 2622 1106 2707 εὑρήκαμεν.
1135 2624 1210 2684 Βιτ-

103 2707 201 2766 ιιοείσε
219 2727 256 2766 ex
270 2705 392 2789 Duponti
414 2713 578 2773 coniectura
599 2711 676 2772 dedit
698 2706 734 2773 τό
755 2707 886 2793 χεόριστ’,
908 2712 963 2770 etsi
986 2707 1064 2769 idei
1086 2728 1141 2767 non
1164 2728 1207 2767 sa-

102 2790 273 2850 tisfaciebat.
321 2793 456 2856 Proxime
478 2815 574 2857 vesum
597 2798 722 2857 occessit
742 2796 918 2868 Piensonus,
959 2795 1007 2874 qni
1030 2789 1207 2852 sotibondum
1293 2817 1296 2826 ·

102 2872 304 3022 pttpbtptpoesoi
331 2875 460 2948 κάλλιστ’
482 2881 515 2942 ε’ν
537 2880 642 2961 δόμοις
664 2877 689 2942 ό
713 2877 896 2963 εὑρήκαμεν,
922 2895 1088 2960 componens
1109 2874 1205 2956 lphig.

131 2978 147 3016 ΙΙ
162 3001 170 3015 0
277 3002 285 3018 ο

269 3065 376 3148 Λήδας
397 3067 559 3150 γένεθλον,
587 3067 619 3132 ἕν
639 3071 721 3150 καλῷ
741 3065 767 3131 o’
791 3069 847 3145 ἔξω
868 3066 972 3150 δόμων

272 3148 383 3234 εὑρηή,
402 3149 441 3214 ἵν’
465 3154 541 3215 tinto
563 3154 721 3234 παρθένου
740 3153 832 3233 χωρὶς
852 3151 969 3236 λόγους.

102 3255 196 3331 Quem
218 3258 310 3318 ionum
331 3257 477 3322 adventani
504 3261 638 3324 Piersoni
666 3261 823 3322 sententiae
848 3270 926 3323 ratus
944 3257 1104 3329 Matthiae,
1132 3257 1208 3340 quod
1281 3271 1283 3281 ·

101 3340 140 3399 ibi
163 3343 218 3414 ἔξω
240 3341 352 3420 topos,
375 3343 420 3403 hic
443 3345 474 3407 ἐν
492 3344 599 3424 δόμοις
619 3342 723 3402 dictum
746 3345 802 3417 sit,
826 3363 878 3403 neo
898 3339 1025 3421 cogitent
1047 3341 1080 3404 ἒν
1101 3337 1206 3419 δόμοις

102 3443 157 3482 non
171 3428 338 3485 necesses-io
353 3427 428 3486 intus
440 3429 467 3488 in
480 3426 575 3500 domo,
589 3426 641 3487 sed
656 3427 739 3486 etiem
753 3424 841 3499 domi,
858 3425 932 3506 qnod
944 3435 1056 3485 estnon
1069 3426 1205 3505 pesiooge

101 3525 117 3563 a
131 3505 215 3568 domo
226 3509 401 3587 significare,
417 3511 445 3570 in
461 3531 515 3592 qun
529 3511 745 3591 praepositionis
758 3521 897 3592 potestate
911 3508 1082 3570 decitronds
1091 3510 1206 3588 iusupe-

100 3589 219 3652 rabilem
232 3591 453 3657 laboriositntem
471 3594 595 3658 ostendit
606 3594 749 3674 Spohnius
766 3592 802 3654 nd
812 3593 1007 3674 Nicephorum
1021 3590 1205 3654 Biommidnm

100 3693 126 3752 p.
138 3683 193 3738 26.
212 3694 308 3756 seqq„
331 3697 367 3736 ex
389 3697 439 3737 sun
455 3679 619 3739 coniectura
641 3676 745 3738 edidit:
769 3675 894 3740 κάκιστα
915 3673 970 3739 τόν
992 3673 1099 3756 δόμοις
1118 3672 1206 3756 εὑρή-

99 3780 209 3834 καμενι
237 3779 309 3837 quae
330 3761 384 3818 etsi
405 3763 580 3821 alienissima
602 3773 657 3833 est,
680 3773 773 3822 tomen
796 3772 842 3822 est
862 3763 890 3820 in
912 3761 1080 3822 novissimas
1103 3757 1206 3818 editio-

99 3859 150 3900 nes
173 3853 300 3922 neoepte.
346 3843 495 3918 Quomodo
516 3847 592 3904 enim
614 3846 643 3904 in
666 3843 748 3904 domo
769 3844 911 3905 invenerit
927 3845 1018 3915 moia,
1047 3859 1137 3920 eaque
1156 3859 1206 3898 en·

100 3927 177 3984 eunti
200 3945 217 3984 o
239 3923 322 3984 domo
344 3929 406 4004 regi
428 3928 563 3989 nunciare
586 3939 679 4007 potest
701 3929 745 3999 is,
778 3930 824 4009 qui
846 3948 863 3987 a
882 3939 965 4006 portu
986 3922 1087 3986 venit?
1124 3921 1206 3981 Nihil

101 4008 174 4068 enim
197 4007 343 4088 proficitur
363 4029 416 4081 eo,
450 4010 525 4090 quod
550 4009 607 4073 τόν
634 4010 740 4091 δόμοις
765 4031 812 4071 res
834 4009 1024 4079 domesticos,
1055 4007 1076 4066 i.
1093 4023 1121 4064 ε.
1146 4021 1206 4063 ma·

100 4091 260 4152 trimonium
290 4112 353 4152 cum
381 4094 496 4156 Helene
525 4093 675 4156 ineundum
698 4095 860 4172 significat-e
882 4092 942 4152 vult
961 4089 1118 4161 Matthinet
1154 4086 1205 4147 ot-

99 4183 154 4232 stat
178 4177 254 4234 onim
280 4173 463 4256 εὑρήκαμεν,
497 4180 622 4257 ineptum
643 4177 775 4250 verbum,
806 4177 855 4236 ubi
874 4172 1055 4256 ἀγγέλλομεν
1077 4180 1140 4230 enat
1159 4169 1205 4230 di*

99 4257 229 4318 sendum.
275 4258 464 4321 Senibeodnm
492 4271 556 4320 onst
581 4255 618 4322 τὰ
641 4256 756 4336 μάλιστ’
783 4258 817 4321 ἐν
843 4254 1003 4334 ὑόμειςσ
1026 4252 1204 4333 εὑρήκαμεν.

97 4338 129 4400 ld
153 4354 201 4402 ost
218 4352 363 4422 postremo
383 4347 507 4417 tandem,
529 4355 561 4403 ut
580 4342 653 4424 apud
673 4344 829 4403 Homeru-
851 4339 960 4423 Odyss.
983 4341 1024 4403 V.
1041 4347 1115 4403 299.
1131 4343 1205 4403 too.

97 4425 125 4486 τό
145 4423 184 4488 νό
212 4449 266 4506 μοι
288 4425 416 4506 μήκιστα
436 4427 555 4510 γένηται
562 4453 572 4505 ,·
606 4427 715 4488 Dicunt
736 4437 830 4487 nutem
850 4426 954 4504 tragici
976 4427 1061 4486 etism
1084 4426 1115 4484 in
1135 4425 1205 4485 iem·

96 4507 141 4570 his
160 4507 323 4594 μήκιστος,
352 4523 384 4572 ut
402 4511 566 4592 sosotytns
586 4513 616 4574 in
638 4511 775 4593 Orithyia
794 4508 868 4592 apud
889 4509 1048 4591 Longinum
1070 4529 1098 4572 α.
1112 4516 1144 4569 3.
