2984 5130
815 323 888 398 14⁰

884 522 893 551 1
949 521 959 552 Ι

721 548 898 624 στροφη
924 551 969 612 ς.

389 675 520 767 κλύεις,
547 671 578 772 ὦ
603 675 686 751 κατ’
718 675 839 752 αὐλὰν
865 676 1030 753 ἀλαίνων
1054 687 1179 780 γεραι-

388 804 432 880 δν
457 801 556 880 πιίδα
581 801 746 901 δεμνίοις

386 928 570 1016 δύστανος
595 926 734 1018 laricem

692 1133 755 1208 ΟΙ
760 1135 794 1204 A
802 1137 823 1204 Ι
829 1135 912 1208 ΠΟ
926 1138 1005 1206 ΥΣ.

639 1282 941 1384 ἅντιστροφὴ
966 1281 1018 1359 δ’.

384 1407 422 1483 τί
446 1408 500 1499 δ’,
528 1404 558 1484 ιδ

382 1534 560 1635 παρθένε,
584 1532 840 1637 βακτρεύμασι
864 1565 930 1612 τυ-

384 1669 481 1761 φλοῦ
505 1662 620 1747 ποδὸς
644 1659 818 1766 ἐξάγαγες
843 1667 893 1747 εὶς

382 1796 463 1887 φῶς
486 1817 532 1884 με
557 1787 688 1889 λεχήρη
713 1787 872 1866 σκοτίων

346 1981 350 1986 .
381 1916 422 1989 ἐκ
446 1912 634 2012 θαλοίμων
658 1911 905 2015 οὶκτροτοίτοι-

380 2064 441 2117 σιν
466 2038 705 2144 δακρύοισιν,

523 2290 525 2296 s
649 2193 947 2294 ἅντιστροφή
971 2191 1017 2281 ς’.

378 2343 507 2421 πολιὸν
531 2344 657 2444 αἰθέρ’
689 2344 739 2430 ὣς
764 2341 905 2446 ἀφανὲς
930 2343 1084 2422 εἴδωλον
1108 2343 1131 2441 ἢ

379 2470 491 2548 νέκυν
514 2473 669 2572 ἔνερθεν
693 2471 717 2571 ἢ

377 2597 542 2677 ποτανὸν
566 2599 735 2701 δνειρον,·

269 3007 270 3011 ,
362 2955 454 3019 1547.
481 2959 548 3017 Edi.
575 2968 637 3019 vett.
666 2968 691 3017 et
718 2963 791 3020 inulti
814 2957 887 3018 codd.
910 2955 1041 3035 δεμνίοις
1062 2950 1223 3019 δύστανον.
1267 2949 1341 3020 1Ἶοι.
1363 2962 1391 3020 2.

274 3039 344 3099 Vict.
374 3036 531 3115 δύστανος,
554 3045 622 3124 quod
644 3047 787 3106 coniecerat
808 3049 884 3103 etiarn
905 3045 1104 3114 Valckenarius,
1126 3053 1308 3122 receptumque
1326 3055 1392 3105 recte

273 3128 305 3184 ab
327 3127 468 3187 editoribus
489 3139 537 3188 est.
579 3129 687 3205 Aliquot
707 3131 782 3189 codd.
805 3123 955 3190 dricturae
976 3125 1115 3205 δεμνίοις.

359 3210 449 3274 1549.
471 3217 558 3292 Vulgo
580 3211 612 3273 τί·
628 3210 681 3291 μ’.
726 3215 805 3273 Multi
826 3215 928 3273 codices
949 3209 981 3272 τί
999 3207 1043 3272 δ’.

359 3296 449 3358 1552.
470 3299 558 3358 Libri:
580 3299 622 3370 είς
643 3301 710 3380 φῶς
730 3292 851 3379 λεχήρη.
893 3301 996 3358 inserui
1015 3317 1063 3376 με.

359 3379 449 3442 1554.
471 3385 538 3443 Vide
560 3382 601 3442 cd.
622 3407 647 3444 τ.
673 3381 763 3445 1529.

359 3463 450 3528 1555.
465 3468 553 3526 Libri:
571 3463 677 3530 πολιὸν
690 3461 817 3550 αι’θίρος
832 3461 948 3548 ἀφανές
970 3462 1103 3540 εἴδωλον,
1125 3475 1225 3546 praeter·
1247 3469 1322 3527 Harl.
1345 3475 1388 3546 qui

272 3543 411 3632 οιίθέριον
431 3553 516 3612 habet.
558 3551 732 3612 Scholiastesz
755 3547 789 3613 τὸ
811 3545 879 3631 ἑξῆς
900 3553 956 3613 τοῦ
977 3553 1046 3612 νοῦ·
1075 3545 1127 3610 διὰ
1149 3549 1179 3611 τί
1195 3571 1235 3628 με
1256 3547 1310 3612 τὸν
1331 3575 1388 3613 πο-

271 3629 352 3708 λιόν,
379 3630 446 3697 ἄντί
475 3637 530 3698 τοῦ
559 3635 791 3718 πεπολιωμίνον,
821 3631 970 3719 ἐξήγαγες,
994 3626 1019 3696 ὦ
1040 3633 1183 3717 παρθένε,
1205 3633 1333 3697 σκοτίων
1354 3635 1387 3697 ἐκ

271 3713 426 3797 θαλοίμων
447 3721 565 3804 creptae
586 3718 684 3804 ἀέρος,
708 3716 781 3783 ὄντα
802 3743 840 3800 με
862 3721 977 3802 ἀφανές
998 3717 1134 3792 εἴδωλον,
1155 3714 1172 3780 ὅ
1194 3719 1386 3802 ἒοτιτοφλήν

271 3798 373 3866 σκιάν.
396 3799 519 3879 Ἄλλως.
548 3804 601 3888 (sic
622 3807 784 3868 scribendum
812 3828 857 3884 pro
880 3799 982 3888 ἀλλά.)
1005 3802 1039 3866 τὸ
1061 3803 1187 3885 αἰθέρος
1208 3801 1323 3884 ἀφανές
1344 3803 1386 3866 εί-

270 3885 369 3950 δωλον
390 3887 461 3951 κατ’
485 3889 566 3952 ι’δίαν
587 3889 792 3973 προενεκτίον·
814 3891 846 3952 τί
863 3915 911 3971 με,
933 3888 1037 3973 φησίν,
1058 3882 1198 3970 ἐξήγαγες
1225 3883 1321 3971 α’ίςπερ
1343 3887 1387 3952 εἴ-

270 3971 370 4037 δωλον
391 3969 464 4036 ὄντα
486 3973 622 4057 αἰθέρος,
650 3976 787 4039 τουτέστι
808 3981 864 4038 τοῦ
886 3973 989 4058 δέρος·
1012 3971 1141 4055 καὶγὰρ
1163 3971 1217 4034 τὸν
1237 3970 1313 4056 ἀέρα
1335 3998 1385 4036 πε-

269 4057 424 4141 ριίπταται
445 4057 485 4120 τὰ
506 4057 617 4122 είδωλα
639 4061 690 4122 καί
711 4059 744 4122 αἱ
764 4059 867 4141 ψυχαί
874 4082 882 4097 ·
910 4057 930 4141 i}
961 4059 1012 4123 καί
1034 4053 1076 4132 ὡς
1096 4053 1200 4140 νεκρόν
1218 4079 1257 4137 με
1284 4053 1384 4143 ὑπάρ-

186 4213 191 4224 .
266 4163 372 4222 χοντα,
394 4138 414 4224 ή
436 4137 478 4218 ὡς
498 4149 586 4219 σκιᾶς
606 4139 731 4226 ὄνειρον.
752 4147 852 4207 Similia
873 4153 949 4211 etiarn
972 4149 1017 4206 aiii
1038 4145 1204 4204 scholiastae.
1224 4145 1382 4205 Nimisrerc

269 4231 347 4308 friget
368 4223 474 4289 πολιὸν
494 4231 526 4290 εδ
546 4251 585 4309 με
606 4234 724 4291 relatum.
755 4225 854 4305 Metro,
876 4235 942 4311 quod
965 4253 998 4290 ex
1019 4229 1138 4289 dochmic
1161 4237 1187 4288 et
1208 4230 1308 4288 duobus
1329 4251 1381 4288 cre·

268 4316 327 4371 ticis
355 4320 408 4382 est,
436 4319 596 4375 satisfaceret
623 4315 720 4375 codicis
751 4317 887 4378 Harleiani
914 4312 1061 4393 αἰθέριον.
1105 4315 1166 4373 Non
1188 4315 1274 4373 dubito
1296 4326 1379 4372 tamen

269 4401 331 4471 quin
358 4403 490 4474 scripserit
514 4393 653 4479 Euripides
680 4402 714 4472 it,
742 4403 810 4478 quod
837 4407 920 4481 posui,
947 4395 1053 4461 πολιὸν
1075 4391 1180 4478 αἰθέρ’
1204 4391 1246 4470 ὥς
1266 4392 1380 4480 ἀφανὲς

268 4474 404 4539 είδωλον.
447 4485 534 4544 Etiam
555 4491 582 4543 in
604 4485 696 4544 Oreste
717 4507 742 4546 v.
766 4486 857 4548 1376.
880 4482 993 4562 αἰθέρα
1016 4481 1122 4544 πολιὸν
1142 4484 1217 4541 dixit

355 4559 447 4627 1557.
460 4567 526 4628 Cum
538 4569 653 4626 Seidlero
667 4566 798 4630 ποτανὸν
808 4591 853 4648 pro
866 4566 988 4643 πτανιίν,
1000 4570 1069 4647 quot
1084 4573 1111 4628 in
1127 4569 1201 4627 libris
1212 4575 1262 4635 est,
1275 4571 1378 4644 scripsi.
