2994 5128
685 302 709 378 5
745 339 748 349 .

130 503 321 598 συνῆλθεν
345 475 524 596 ἀθέσμως
555 503 741 602 Αἴγισθος
772 498 1083 604 Κλυταιμνήστρᾳ
1113 513 1159 603 τῇ
1184 517 1252 584 τοῦ

123 625 411 730 Ἀγαμέμνονος
441 623 602 728 γυναικί.
659 625 849 725 μαθόντες
874 627 916 704 δέ
940 627 1252 730 Κλυταιμνήστρα

130 753 193 830 καὶ
222 754 412 854 Αῖγισθος
440 746 509 848 τήν
540 781 580 826 τε
615 751 754 853 Τροίαν
791 754 958 831 ἀλοῦσαν
996 755 1061 832 καὶ
1085 757 1253 858 Ἀγαμέ-

128 907 253 977 μνονα
277 876 474 977 μετὰτῶν
500 877 622 954 ἀλλων
646 879 774 956 οῖκαδε
798 881 983 973 πλέοντα,
1006 880 1253 980 βουλεύονται

129 1014 265 1082 τοῦτον
296 1013 360 1100 τῆς
375 1059 378 1066 -
391 1001 508 1088 ολκίας
539 1007 803 1104 ἐπειλημμένον
834 1007 1068 1099 ἀποκτενεῖν,
1103 1011 1165 1084 ἵνα
1199 1003 1251 1106 μὴ

130 1127 252 1230 τοότῳ
258 1129 495 1233 γνωσθέντος
506 1140 575 1209 τοῦ
592 1141 703 1231 σφῶν
716 1130 994 1234 πονηρεύματος
1010 1134 1117 1211 αὐτοὶ
1130 1163 1252 1234 παρα-

2 1356 4 1364 γ
51 1347 56 1355 ι
131 1255 282 1338 δοθεῖεν
319 1252 497 1356 θανάτῳ·
538 1256 558 1331 ὃ
590 1257 638 1355 δὴ
677 1259 741 1334 καὶ
778 1261 935 1356 ἤνυσαν.
1002 1260 1066 1336 καὶ
1100 1263 1251 1337 ἐπανελ-

129 1381 254 1462 θόντα
285 1381 354 1460 τὸν
377 1381 649 1485 Ἀγαμέμνονα
689 1385 976 1468 ἀποκτείνουσιν
1001 1396 1144 1483 χιτῶνα
1177 1386 1251 1489 γάρ

128 1511 180 1608 μή
194 1506 384 1612 διεξόδους
403 1515 564 1608 κεφαλῆς
588 1507 652 1585 καὶ
673 1519 811 1608 χειροῖν
835 1513 968 1606 έχοντα
993 1512 1088 1608 μετά
1108 1511 1151 1587 τὸ
1166 1520 1252 1588 λου-

128 1635 220 1733 τρὸν
245 1629 508 1740 ἐκδιδάσκουσι
538 1631 602 1707 καὶ
634 1635 675 1707 ἐν
706 1643 760 1731 τῳ
793 1636 928 1710 πελέκει
954 1644 1089 1712 τοῦτον
1115 1634 1252 1734 φονεό-

130 1781 224 1836 ουσι.
276 1756 414 1864 μεταξὺ
445 1765 540 1860 γοῦν
571 1766 639 1833 τοῦ
658 1759 982 1862 Ἀγαμεμνονείου
1008 1758 1129 1860 φόνου
1146 1761 1252 1836 Ἠλέ-

129 1915 223 1986 κτρα
247 1885 315 1962 τὸν
340 1882 506 1985 ἀδελφὸν
524 1884 721 1984 Ὀρέστην,
754 1887 818 1984 ἵνα
845 1886 985 1986 μήκαὶ
1012 1880 1118 1970 οὗτος
1143 1886 1251 1961 ἀναι-

130 2011 270 2111 ρεθείη,
302 2011 470 2114 κλέψασα
494 2009 559 2086 καί
583 2039 658 2088 τινι
682 2011 803 2088 δοῦσα
828 2012 1058 2116 παιδαγωγῷ
1083 2018 1134 2096 ελς
1161 2017 1251 2087 Φω-

128 2139 217 2216 κίδα
241 2137 347 2244 παράν
368 2133 564 2236 Στρόφιον
588 2138 739 2234 πέμπει,
772 2138 884 2238 φίλον
907 2139 971 2214 καί
997 2147 1157 2241 συγγενῆ
1183 2147 1251 2214 τοῦ

128 2265 267 2365 πατρὸς
301 2265 415 2361 αὐτῆς
444 2259 692 2372 τυγχάνοντα.
744 2265 917 2366 Ὀρέστης
948 2265 990 2341 δὲ
1024 2271 1075 2350 ελς
1108 2264 1252 2365 ἄνδρας

126 2393 249 2492 ἥκων,
287 2389 521 2490 παραλαβεῖν
556 2386 742 2501 Πυλάδην
779 2391 847 2469 τδν
889 2391 1007 2468 παῖδα
1039 2390 1250 2491 Στροφίου,

128 2519 182 2620 ἐφ’
212 2513 244 2618 ᾦ
269 2518 343 2617 μετ’
373 2519 490 2597 αὐτοῦ
514 2521 706 2619 Αἴγισθον
736 2517 800 2593 καὶ
825 2515 1160 2617 Κλυταιμνήστραν
1194 2547 1250 2600 τι-

127 2641 354 2746 μωρήσαιτο,
379 2639 661 2741 καταλαμβάνει
684 2639 813 2743 λάθρᾳ
837 2643 879 2720 τὸ
895 2645 1048 2747 ’Ἄργος
1073 2644 1137 2720 καὶ
1157 2657 1250 2744 χρη-

55 2851 58 2858 ,
128 2771 227 2872 σμδν
250 2769 353 2869 παρά
377 2779 445 2848 τοῦ
469 2769 628 2848 Πυθίου
654 2767 853 2867 δεξάμενος
866 2778 976 2846 τοῦτο
990 2776 1122 2860 ποιεῖν,
1148 2779 1250 2868 πρῶ-
1317 2846 1321 2852 ,

125 2929 195 2978 τον
219 2898 290 2998 μὲν
314 2901 457 2998 ἔρχεται
481 2897 574 2998 πρὸς
597 2895 666 3003 τόν
689 2905 758 2996 τοῦ
783 2897 923 2998 πατρὸς
934 2892 1059 2997 τάφον
1071 2895 1134 2972 καί
1149 2893 1249 2986 θόει,

1 3099 3 3120 η
52 3080 54 3084 .
128 3023 207 3100 εἶτά
237 3055 273 3099 τι
308 3034 521 3121 μηχανᾶται
544 3020 707 3100 τοιόνδε·
742 3023 811 3099 τὸν
834 3023 909 3125 γάρ
934 3015 1250 3126 παιδαγωγόν,ᾦ

1 3131 3 3154 ί
128 3149 229 3251 παρὰ
254 3158 319 3246 τῆς
337 3149 536 3247 Ἠλέκτρας
559 3145 673 3222 πάλαι
700 3148 911 3231 πιστευθεὶς
933 3143 1042 3245 ἧκεν,
1077 3149 1127 3233 ὥς
1159 3152 1249 3247 ἔφη·

1 3289 2 3298 ’
107 3304 211 3375 μεν,
238 3281 287 3359 εἰς
310 3273 380 3371 τήν
406 3272 578 3363 Φωκίδα,
603 3281 739 3351 τοῦτον
763 3273 966 3374 ’προπέμπει
991 3279 1041 3358 εἰς
1061 3278 1250 3376 Αἴγισθον
1327 3355 1329 3362 ,

127 3403 191 3480 καὶ
215 3396 550 3500 Κλυταιμνήστραν
581 3399 736 3502 λέγοντα
768 3398 1013 3504 οδςὈρίστής
1044 3403 1086 3478 ἐν
1119 3403 1249 3475 Πυθι-

127 3536 206 3614 κοῖς
229 3532 362 3612 ἄθλοις
387 3527 555 3626 ἀνῃρέθη
579 3527 642 3603 καὶ
666 3526 899 3627 νῦνάνδρες
922 3526 969 3604 τά
994 3523 1130 3604 τούτου
1155 3528 1248 3602 ἀστά

128 3660 169 3734 ἐν
199 3654 365 3754 κιβωτίῳ
396 3654 634 3752 κομίζουσιν,
672 3657 744 3756 ἵναΙ
768 3650 966 3756 πατρῴων
986 3661 1082 3756 γοῦν
1113 3650 1248 3750 τάφων

127 3780 231 3880 τάχη.
263 3783 514 3878 ’ὑπαχθέντες
545 3780 587 3857 δέ
612 3789 657 3878 ’τῇ
683 3777 835 3876 τοιαύτη
863 3777 985 3874 ἀπάτη
1011 3776 1248 3873 Κλυταιμνή-

129 3932 223 4008 στρα
246 3909 311 3986 καὶ
333 3912 537 4012 Αἴγισθος,
565 3909 630 4016 λ’να
655 3907 707 4002 μὴ
731 3909 952 4005 μακρολογῶ
959 3909 980 3992 ,’
997 3903 1263 4001 ’ἀναιροῦνται

127 4035 201 4112 ὑπὸ
220 4035 397 4133 Ὀρέστου
429 4033 493 4110 καὶ
520 4029 724 4120 Πυλάδου,
745 4026 884 4129 προίτη
917 4027 988 4126 μέν
1012 4024 1248 4126 Κλυταιμνήκ
1277 4101 1278 4104 ,

129 4186 242 4262 στρα,
281 4161 440 4259 ὕστερος
468 4157 509 4236 δὲ
540 4161 736 4261 Αἴγισθος.
787 4151 1087 4253 μητροκτονήσας
1118 4153 1249 4232 τοίνυν

121 4289 295 4389 Ὀρέστης
311 4282 476 4386 Ἐρινύσι
499 4292 728 4387 παραχρῆμα
752 4282 821 4380 τήν
846 4279 955 4378 δίκην
980 4280 1094 4358 ῖδωκε
1107 4279 1246 4378 μανείς.
1290 4355 1297 4367 ,

128 4415 323 4500 Μενέλαος
345 4412 387 4490 δέ
412 4417 452 4491 ἐκ
480 4410 614 4514 Τροίας
637 4406 783 4512 έλθοίν,
814 4407 966 4508 ὕστερος
990 4405 1063 4509 γάρ
1080 4408 1248 4510 Ἀγαμέ-

128 4572 267 4641 μνονος
292 4546 470 4639 ἐπανῆκε,
509 4539 573 4616 καὶ
603 4547 657 4639 τῳ
686 4533 864 4636 Ναυπλίῳ
896 4535 1014 4632 λιμένι
1041 4528 1247 4635 προςσχιίν,
