3026 5134
844 367 879 410 l‘l

303 556 392 641 sunt,
425 570 513 618 nunc
543 549 690 642 moratur
720 543 878 615 lectorem
907 538 1037 629 alienis,
1064 557 1152 611 nunc
1176 536 1299 633 fatigat
1325 535 1418 607 lasti-

304 675 359 745 dio
386 671 608 767 simplicitatis
633 670 885 765 importunaque
902 666 1020 761 utiquo
1036 662 1162 761 aliquid
1175 661 1323 735 mutandi
1341 687 1419 759 pru·

302 801 382 870 nitu.
440 795 517 868 Non
551 822 622 868 sum
655 795 787 866 nescius
822 792 1035 890 repetendum
1068 790 1105 862 id
1138 813 1211 861 esse
1243 789 1369 885 partim
1403 812 1420 858 a

304 922 541 997 consuetudine
574 922 646 993 eius
680 919 909 1016 popularium,
935 893 1038 1014 ¹apud
1072 941 1155 1012 quos
1188 939 1317 987 summa
1352 915 1421 985 laus

302 1050 485 1121 habebatur
509 1048 642 1118 ansultam
669 1047 844 1118 lectionem
872 1052 1051 1134 ostentare,
1077 1043 1198 1140 partim
1224 1049 1422 1136 atempore,

305 1199 370 1271 quo
387 1144 508 1244 'virtus
541 1172 650 1244 critici
685 1171 719 1242 in
753 1170 889 1267 quadam
924 1169 964 1240 ad
999 1167 1248 1240 coniectandum
1273 1191 1423 1264 propen-

306 1301 424 1390 sione,
452 1299 480 1369 si
510 1299 561 1370 vel
591 1296 699 1370 codex
725 1297 845 1392 aliquis
874 1296 925 1366 vol
952 1295 1069 1366 similis
1095 1293 1223 1389 antiqui
1248 1293 1424 1390 scriptoris

305 1428 400 1496 locus
436 1448 546 1496 ansam
580 1423 767 1519 praeberet,
791 1421 902 1519 posita
934 1405 1122 1518 putabatur.
1173 1418 1302 1491 Verum
1343 1441 1424 1514 quae

307 1551 383 1622 aliis
409 1550 508 1623 lacile
534 1547 775 1639 condonamus,
809 1572 848 1619 ea
881 1572 945 1618 non
971 1547 1050 1619 item
1076 1570 1181 1642 aequo
1208 1545 1318 1617 auimo
1347 1542 1425 1616 leri-

307 1701 401 1769 murs,
427 1676 515 1748 siin
542 1699 581 1745 eo
609 1675 679 1746 viro
706 1675 973 1770 conspiciuntur,
1011 1696 1107 1768 quem
1133 1696 1198 1744 non
1225 1671 1322 1767 sequi
1349 1693 1426 1767 pra-

310 1826 366 1874 vas
392 1801 659 1890 consuetudines,
686 1801 743 1872 scd
770 1801 900 1894 praeire
926 1800 1112 1895 exemplum
1140 1796 1227 1894 qnod
1245 1821 1426 1893 sequeren-

307 1938 363 2000 tsr
388 1929 446 2000 alii
472 1927 660 2022 oportebat.
710 1924 799 2002 Illud
832 1925 964 2020 quidem
994 1925 1128 2021 iniquus
1160 1930 1250 1996 esset
1282 1921 1342 2020 qni
1374 1945 1427 1993 re-

178 2137 181 2143 ,
306 2053 544 2148 protenderet,
579 2051 665 2147 qaod
698 2058 877 2122 matronam
908 2075 974 2122 non
1007 2061 1080 2124 erat
1104 2050 1250 2148 peritura
1284 2074 1365 2122 nam
1389 2071 1427 2120 ea

308 2178 460 2253 doctrina
484 2179 545 2249 illo
572 2185 720 2272 tempore
747 2185 816 2249 tota
842 2177 989 2252 iacebate
1023 2202 1087 2249 noo
1112 2178 1192 2249 vitio
1221 2177 1425 2280 uertendum,

309 2303 398 2399 qnod
423 2303 457 2374 in
484 2303 677 2398 quibusdan
702 2303 800 2375 relus
825 2303 1048 2400 grammaticis
1073 2303 1246 2394 titubabat,
1274 2302 1427 2399 qnoniam

309 2429 388 2503 losio
411 2453 544 2526 quoqne
567 2429 618 2500 rei
643 2437 712 2500 tum
737 2429 845 2502 minor
878 2453 958 2502 cura
982 2438 1056 2502 erat
1080 2429 1247 2522 adlabita,
1273 2430 1343 2502 etsi
1368 2425 1428 2501 mi·

310 2574 383 2639 rum
408 2566 473 2647 est,
500 2554 587 2652 quod
614 2555 672 2651 qni
705 2555 958 2652 diligentissime
984 2564 1114 2628 veteres
1135 2556 1320 2653 scriptores
1334 2557 1427 2650 lega·

311 2690 386 2773 nat,
419 2682 460 2753 sd
499 2680 656 2778 quaedam
690 2705 734 2752 ex
769 2682 836 2754 isto
862 2705 983 2778 genere
1010 2691 1149 2754 suentem
1175 2707 1242 2754 non
1267 2679 1425 2754 attondit:

32 2837 33 2912 j
187 2859 190 2862 -
311 2808 376 2880 lnoo
401 2832 479 2880 vero
505 2809 581 2904 qais
606 2829 671 2878 non
698 2831 797 2903 aegre
823 2808 922 2899 ierat,
947 2801 1035 2904 quod
1063 2832 1135 2880 enm
1159 2808 1427 2905 intemperantis-

312 2935 396 3007 sima
422 2933 580 3028 quaedam
605 2933 709 3008 lilim
735 2941 883 3029 ceperat,
911 2934 1067 3030 quidquid
1084 2933 1192 3006 omitti
1208 2932 1427 3032 alrEuripido

312 3059 463 3158 potuisse
488 3057 669 3151 videretur,
694 3083 756 3156 pro
783 3060 898 3156 spurio
924 3068 958 3132 et
984 3060 1158 3158 supposito
1182 3033 1354 3136 habendi?
1384 3057 1428 3130 At

313 3184 464 3256 murinum
497 3186 531 3256 in
565 3178 607 3257 eo
640 3185 818 3282 praecipue
852 3187 943 3258 cerni
969 3188 1145 3284 pntalratnr
1170 3188 1337 3282 sagacitas
1364 3184 1429 3260 cri·

312 3311 385 3402 tici,
411 3311 442 3382 ai
468 3312 582 3406 spuria
607 3335 626 3382 a
652 3313 804 3407 genuinis
829 3314 932 3386 sciret
956 3314 1183 3408 distingueret
1209 3338 1293 3409 quae
1316 3311 1427 3411 opinio

313 3437 378 3510 etsi
411 3437 581 3508 verissim
611 3445 682 3530 ost,
715 3447 824 3511 tamon
856 3439 913 3536 qni
949 3439 1057 3530 laudis
1082 3440 1174 3512 illius
1199 3439 1427 3537 adipiscendae

313 3561 422 3657 gratia
447 3561 489 3631 de
513 3562 676 3635 industria
701 3564 909 3659 suspiciones
935 3571 1084 3656 venatur,
1111 3566 1146 3636 in
1171 3590 1211 3638 eo
1236 3567 1303 3638 ista
1325 3564 1427 3640 obelis

313 3687 527 3758 ostentandae
542 3689 767 3784 perspicaciae
782 3688 945 3784 cupiditas
958 3699 1126 3786 postremo
1144 3692 1181 3763 in
1197 3693 1343 3766 morium
1360 3715 1427 3766 aar·

314 3813 369 3904 tit,
395 3813 461 3908 ipsi
487 3814 618 3909 quidem
645 3814 702 3910 qui
729 3837 768 3885 eo
795 3813 909 3886 inorbo
935 3823 1067 3887 muctar
1092 3826 1242 3912 gratam,
1269 3820 1345 3891 eliis
1370 3841 1427 3892 an·-

315 3949 380 4010 tem
417 3939 683 4010 rnol‘ostissimum
723 3947 757 4009 et
795 3964 880 4035 pene
922 3940 1175 4020 intolerabilem.
1235 3943 1281 4016 lli
1315 3943 1426 4021 norbo

316 4072 488 4160 tantopere
513 4065 549 4136 in
574 4064 769 4138 Phoenissis
795 4065 933 4139 indulsit
959 4065 1217 4159 Valckenarius,
1244 4079 1281 4144 nt
1295 4096 1362 4143 non
1375 4094 1426 4141 so·

316 4189 384 4260 lmn
418 4214 458 4260 oa
491 4213 576 4285 quaa
609 4197 749 4285 possunt
780 4191 820 4262 als
854 4192 920 4264 alia
944 4217 1041 4266 nnana
1067 4194 1218 4290 proiecta
1241 4221 1339 4289 esse,
1370 4189 1426 4268 sed

318 4314 417 4386 etiam
443 4338 527 4410 qnae
550 4319 738 4410 nequeunt,
764 4317 966 4392 labefactare
991 4325 1180 4412 conaretur,
1205 4321 1306 4418 idque
1328 4343 1427 4418 argu·

318 4439 437 4510 mantis
469 4461 570 4536 saepe
606 4449 673 4514 tarn
705 4443 834 4517 mailros
865 4452 997 4541 tamque
1028 4472 1073 4518 ex
1098 4448 1278 4544 longinquo
1303 4449 1425 4544 petitis,
