2974 5138
437 831 882 922 ΥΠΟΘΕΣΙΣ.

462 1130 465 1138 ι
538 1125 771 1141 m·

88 1316 319 1505 Ἡρόδοτος
343 1349 483 1452 ἱστορεῖ
499 1350 581 1452 περὶ
601 1351 754 1448 Ἑλένης,
780 1349 846 1426 καί
867 1374 982 1450 φησιν
998 1353 1122 1427 ε’λθεῖν
1140 1350 1212 1452 μέν

92 1476 210 1572 αὐτὴν
238 1481 294 1560 εἰς
310 1479 517 1579 Αἴγυπτον,
543 1476 607 1552 καὶ
628 1485 738 1554 τοῦτο
755 1473 914 1625 ράσκειν
931 1475 994 1552 καὶ
1014 1475 1083 1553 τὸν
1092 1477 1214 1576 Ὅμη-

93 1630 171 1700 ρον,
196 1609 390 1678 ποιοῦντα
413 1600 482 1698 τὴν
499 1601 646 1698 Ἑλένην
671 1599 843 1700 παρέχειν
866 1608 920 1701 τῷ
949 1597 1188 1754 Τηλεμάχῳ
1172 1631 1213 1679 εν

90 1725 367 1828 Ὀδυσσείᾳ
326 1757 370 1802 το
396 1725 596 1822 λαθικηόές
622 1723 844 1827 φάρμακον,
884 1722 928 1800 τό
955 1727 990 1802 οῖ
1015 1723 1104 1826 πόρε
1130 1731 1213 1802 Πο-

95 1850 276 1950 λυόάμνα
314 1853 463 1937 Θόωνος
491 1848 729 1953 παράκοιτις,
763 1853 809 1926 οὐ
833 1850 910 1950 μὴν
931 1848 1038 1927 δὲ
999 1851 1137 1947 ου’τως,
1163 1852 1214 1938 ὥς

95 1976 305 2078 Εὐριπίδης
330 1975 455 2076 φησίν.
494 1979 529 2054 οἳ
553 1975 625 2075 μὲν
646 1975 721 2080 γάρ
744 1977 991 2084 πλανωμένην
1006 1977 1124 2078 φασὶν
1145 1979 1215 2054 ου’-

94 2101 157 2197 τὴν
189 2101 297 2201 μετά
321 2110 390 2178 τοῦ
415 2099 614 2180 Μενελάου
638 2101 733 2202 μετὰ
758 2101 828 2198 τὴν
851 2109 916 2200 τῆς
937 2101 1043 2179 Ἰλίου
1069 2101 1215 2204 πόρθη-

95 2249 152 2303 σιν
181 2227 253 2304 καὶ
284 2233 333 2310 εἰς
355 2231 550 2331 Αἴγυπτον
574 2229 873 2331 παραγενέσθαι,
904 2230 1081 2305 κάκεῖθεν
1103 2257 1215 2306 πεπο-

98 2351 224 2450 ρι’σθαι
262 2350 314 2426 τά
346 2352 547 2454 φάρμακα·
584 2355 605 2430 ὃ
639 2351 681 2430 δέ
705 2352 776 2448 τὴν
799 2351 870 2449 μὲν
895 2354 1048 2448 άληθῶς
1068 2354 1215 2450 Ἑλένην

100 2477 184 2575 φησὶ
211 2476 310 2574 μηδ’
347 2478 519 2568 ὁπωςοιῖν
551 2481 676 2555 ἐλθεῖν
708 2483 758 2562 ελς
786 2475 942 2577 Τροίαν,
985 2477 1029 2552 τὸ
1059 2477 1214 2555 εἴδωλον

96 2599 135 2676 δέ
167 2605 303 2698 αὐτῆς.
353 2604 492 2704 κλέψας
517 2603 592 2709 γὰρ
618 2603 736 2699 αὐτὴν
762 2603 782 2678 ὃ
804 2603 937 2704 Ἑρμῆς
953 2603 1070 2703 Ἥρας
1093 2604 1215 2701 βουλῇ

97 2730 252 2828 Πρωτεῖ
288 2736 344 2829 τῷ
376 2729 525 2828 βασιλεῖ
556 2738 621 2828 τῆς
652 2725 847 2834 Αῖγόπτου
875 2726 1076 2829 φυλάττειν
1101 2730 1215 2828 παρέ-

98 2851 202 2930 όωκε.
260 2851 398 2932 τούτου
427 2855 469 2932 δὲ
495 2852 683 2940 θανόντος
706 2855 727 2932 ὃ
753 2855 835 2940 υἱὸς
864 2855 983 2932 αὐτοῦ
1012 2850 1216 2951 Θεοκλύμε-

97 3005 158 3063 νος
182 2982 360 3080 ἒπειρᾶτο
385 2987 521 3084 γαμεῖν
546 2979 676 3077 αὐτήν.
727 2981 750 3075 ἡ
777 2980 818 3057 δὲ
841 2979 951 3064 ἱκέτις
977 2976 1214 3080 παρεκάθητο

98 3112 148 3203 τῷ
179 3114 252 3182 τοῦ
280 3105 470 3206 Πρωτέως
503 3103 691 3207 μνημείῳ,
730 3106 823 3183 ὅθεν
855 3107 951 3202 αὐτῇ
982 3101 1215 3203 ἐπιφαίνεται

100 3230 316 3318 Μενέλεως,
348 3230 417 3315 τὰς
447 3229 519 3329 μὲν
549 3238 644 3314 ναῦς
678 3233 718 3306 ἐν
749 3239 795 3327 τῇ
821 3226 994 3325 θαλάσσῃ
1021 3229 1214 3317 ἀπολέσας,

108 3351 119 3378 ι
628 3369 632 3376 ,
1186 3352 1199 3379 ι

103 3502 186 3562 νους
211 3478 361 3570 σώζων.
395 3486 446 3566 εῖς
471 3479 604 3584 λόγους
629 3478 670 3554 δέ
696 3480 869 3564 ἐλθόντες
893 3478 957 3554 καὶ
980 3485 1216 3578 μηχανορρα-

103 3598 288 3698 φήσαντες
321 3605 492 3681 ἀπατῶσι
521 3604 592 3704 μὲν
623 3603 692 3680 τὸν
728 3603 999 3702 Θεοκλύμενον,
1016 3663 1018 3670 ι
1035 3603 1142 3679 αὐτοὶ
1173 3601 1215 3679 «λε’

103 3728 163 3822 νηῒ
185 3726 384 3830 ἐμβάντες,
411 3729 462 3816 αῖς
487 3731 534 3828 δὴ
559 3739 614 3831 τῷ
638 3730 815 3831 Μενέλεῳ
833 3727 993 3805 θανόντι
1018 3727 1113 3804 κατὰ
1140 3724 1216 3801 θά-

107 3853 239 3931 λατταν
266 3842 471 3946 θύσοντες,
500 3863 550 3941 εῖς
572 3855 641 3950 τὴν
666 3854 770 3931 ῖόῖαν
796 3851 1054 3945 διασώζονται.
