2974 5138
793 282 843 352 22

368 461 479 561 νόχια
504 470 664 546 παιᾶνας

254 673 256 680 ,
369 590 519 665 νέκυσιν
543 587 732 687 ὀλομένοις
756 582 879 686 λόβῃ.’

707 789 928 865 ΧΟΡΟΣ.

636 941 927 1042 ἄντιστρυφὴ
953 939 999 1016 α’.

368 1064 580 1150 κυανοειδὲς
605 1067 704 1167 ἄμφ’
730 1067 837 1168 ὐύαιρ

368 1194 501 1286 ἔτυχον
524 1188 625 1264 ἕλικά
646 1193 683 1266 τ’
710 1193 785 1269 ὐνύ
804 1189 925 1289 χλόαν

370 1313 542 1412 φοίνικας
566 1315 660 1416 ἁλίῳ
688 1318 846 1402 πέπλους

372 1438 548 1542 αὐγαῖσιν
573 1442 613 1516 ἐν
633 1443 809 1540 χρυσέαις
832 1434 1123 1541 ἄμφιθᾶλνιουσ’

372 1565 414 1637 ’ἔν
437 1593 476 1637 τε
502 1564 662 1652 όόνακος
690 1571 850 1668 ἕρνεσιν·
1157 1555 1159 1558 ’

371 1689 484 1763 ἔνθεν
509 1692 658 1791 οἰκτρόν
684 1690 890 1791 ἀνεβόασεν

372 1811 517 1910 ὅμαδον
542 1813 667 1904 όλοόν,
695 1819 835 1916 ἄλυρον
860 1819 995 1917 ἔλεγον,

352 2101 393 2163 V.
421 2109 492 2166 179.
544 2106 581 2168 G.
608 2105 774 2167 Dindorfins
798 2105 903 2166 delerit
929 2067 1071 2178 ααιᾶνας,
1098 2100 1172 2182 quod
1192 2103 1308 2182 putabat
1327 2123 1381 2164 ex-

271 2185 401 2267 plicando
424 2184 546 2266 χάριτας
565 2187 736 2270 adscriptum
764 2190 863 2248 fuisse.
907 2186 1051 2266 Sequutut
1074 2197 1120 2245 est
1135 2186 1292 2266 Pilugkius.
1337 2187 1382 2246 At

226 2349 230 2358 ι
271 2289 325 2331 nee
353 2271 490 2330 νοιολιυλο
510 2274 565 2343 isto
587 2293 655 2334 usus
675 2284 753 2333 esset
777 2273 938 2352 interpres,
967 2287 1039 2342 nee,
1070 2270 1094 2328 si
1116 2268 1246 2346 deletur,
1273 2273 1380 2352 integri

271 2365 336 2414 sunt
353 2356 475 2414 numeri.

353 2453 394 2515 V.
422 2436 493 2518 18⁴3.
536 2451 613 2514 Edu.
635 2466 705 2515 vett.
731 2453 949 2528 ἄλιωιιὲαλους.
993 2451 1026 2512 iu
1049 2450 1117 2512 Par.
1139 2449 1178 2512 E.
1205 2471 1290 2533 snpra
1308 2456 1382 2515 seri·

269 2546 347 2617 ptum
367 2533 471 2617 ἄλλον,
498 2538 539 2598 uti
565 2535 743 2598 scribendum
763 2539 886 2599 coniecit
907 2537 1068 2609 canterus,
1097 2537 1180 2614 quern
1196 2535 1381 2617 Musgravins

262 2620 374 2700 aliique
390 2634 455 2682 sunt
474 2623 595 2704 sequuti.
641 2619 724 2696 Queri
741 2624 855 2702 scripsit
864 2619 1022 2682 Matthieez
1047 2617 1136 2682 ἄλλον
1158 2624 1382 2702 superscriptum

272 2703 361 2765 ltabet
381 2710 452 2768 Par.
471 2707 508 2767 u.
533 2707 610 2766 Viet.
633 2715 665 2765 et
680 2706 770 2765 solum
790 2708 852 2765 stine
874 2701 948 2767 ἄλλα
969 2707 1038 2765 Ραν.
1060 2711 1089 2766 1.
1109 2713 1142 2764 2.
1166 2721 1222 2762 nou
1242 2715 1310 2784 pute
1333 2723 1382 2767 er·

271 2807 338 2847 rore
358 2807 476 2848 vacuum
498 2807 575 2847 esse.
620 2785 708 2846 Certe
729 2783 843 2847 cedices
862 2787 959 2847 dicere
978 2787 1067 2846 veluit
1080 2785 1272 2848 Fioreatinos.
1315 2786 1382 2868 Ege

271 2867 347 2952 ‹ittp
368 2867 548 2930 scribentium
572 2867 650 2934 duxi.
692 2868 803 2931 Vestes
823 2870 892 2932 dieit
910 2871 971 2930 sole
990 2869 1137 2931 siccandas
1156 2871 1184 2930 in
1203 2873 1283 2944 luce,
1306 2873 1383 2952 quod

272 2963 318 3013 est
337 2955 366 3012 in
387 2954 451 3013 inea
472 2953 580 3032 eprieo.

353 3051 394 3114 V.
418 3058 489 3116 184.
528 3051 631 3112 Libri:
651 3049 790 3134 αὐγαῖσιν
811 3051 844 3115 ἐν
855 3056 921 3125 ταῖς
933 3051 1080 3130 χρυσέαις.
1112 3054 1322 3115 Intolerahiietn
1335 3075 1384 3115 ar-

274 3137 389 3198 ticulum
415 3134 566 3199 detentum
589 3155 654 3197 esse
676 3137 772 3197 monui
801 3138 829 3196 iu
856 3139 1033 3216 praefatione
1057 3137 1150 3217 lphig.
1175 3135 1244 3201 Aut.
1264 3157 1299 3218 p.
1328 3147 1380 3203 19.

273 3220 353 3280 Flor.
373 3232 401 3284 l.
426 3220 459 3286 ἐν
480 3226 546 3296 ταῖς
566 3220 704 3301 χρυσέαις
723 3218 872 3303 αὐγαῖσιν.

357 3322 397 3384 V·
423 3324 495 3385 185.
546 3320 646 3382 Libri:
680 3317 837 3384 θάλασσα’
866 3317 946 3400 epe!
980 3317 1012 3382 ν’
1041 3319 1074 3382 ἐν
1101 3316 1230 3396 δόνακος
1257 3322 1382 3401 ἔρνεσιν.

273 3402 413 3465 Matthiae
431 3406 536 3485 aliique
556 3417 728 3486 receperunt
750 3404 882 3465 Seidieri·
894 3407 1085 3466 coniecturam
1106 3405 1137 3464 in
1160 3406 1232 3466 iihro
1249 3405 1286 3467 tie
1301 3428 1381 3468 rere.

275 3487 598 3569 deehm.p.102.‚in
622 3509 703 3569 quam
722 3487 889 3548 Erfurdtins
914 3505 1023 3567 quoqne
1048 3488 1200 3549 inciderat.
1244 3489 1386 3551 Videtur·

276 3589 330 3649 que
353 3569 383 3630 it
400 3591 499 3632 verum
523 3593 600 3634 esse.
646 3569 900 3653 Ἀμφιθᾶλιιονσα
920 3570 991 3630 dicit
998 3613 1008 3642 ,
1037 3571 1110 3651 qued
1134 3584 1316 3634 verterentur
1334 3595 1385 3636 ve-

277 3665 356 3727 stes,
379 3665 410 3714 ut
431 3657 571 3736 utrimque
591 3658 778 3718 siccarentur.

359 3753 400 3815 V.
427 3764 497 3819 186.
557 3754 634 3815 Edu.
665 3767 735 3816 vett.
767 3755 858 3818 ἔνθεν
892 3749 1015 3833 οἰκτρόν
1044 3751 1219 3835 ἄνεβόασεν.
1269 3753 1388 3834 ὅμαδον

279 3836 385 3906 ἔκλυον
405 3835 532 3920 ἄλυρον,
555 3841 663 3920 ἔλεγον.
705 3838 855 3900 Postrema
875 3839 947 3898 mele
971 3838 1104 3899 distinete
1123 3859 1208 3914 esse,
1232 3838 1306 3919 quod
1324 3839 1386 3902 ἔλι-

277 3945 331 4002 γος
350 3943 407 3984 uon
429 3924 465 3982 sit
485 3921 672 3996 adieetivum,
692 3921 763 3982 vidit
781 3919 818 3983 L.
838 3921 1016 3982 Dindorfius.
1060 3922 1093 3982 In
1120 3921 1201 3982 ster.
1223 3919 1304 3984 deest
1326 3923 1388 3986 tte-

277 4028 341 4086 γον.
385 4005 468 4079 Quod
489 4006 631 4067 Matthiae
652 4005 749 4065 statuit
768 4007 963 4085 persuasitque
985 4007 1060 4077 aliis,
1086 4005 1160 4066 hune
1179 4026 1291 4066 versum
1313 4001 1386 4088 ἄρα-

279 4089 335 4148 ὐον
356 4087 477 4163 ἔκλυον,
506 4089 620 4169 ἄλυρον
643 4090 743 4170 ἔλεγον
764 4090 793 4148 iu
813 4089 977 4169 parenthesi
997 4087 1121 4148 additum
1141 4107 1226 4165 esse,
1248 4090 1387 4152 cohaere·

279 4189 367 4250 reque
385 4169 550 4255 α’νιβόααεν
570 4171 590 4236 ό
611 4198 639 4235 τι
660 4169 732 4235 πότ’
755 4173 857 4233 ἔλακεν
878 4169 1024 4254 αἰόγμασι
1041 4171 1203 4246 στένουσα,
1226 4173 1326 4234 durum
1343 4185 1386 4235 at-

279 4269 334 4332 que
367 4255 544 4332 invenustum
575 4270 630 4319 est.
692 4257 839 4331 Reiskius¹
860 4258 1001 4335 sagaciter
1032 4253 1122 4316 sensit
1153 4258 1284 4316 vitiosum
1320 4279 1385 4319 esse

279 4339 402 4408 ἔκλυον,
430 4341 481 4400 sed
498 4342 582 4402 ’νιύόο
605 4341 728 4414 erravit,
758 4359 841 4421 quum
867 4337 897 4398 it
921 4341 950 4399 in
981 4339 1107 4416 ἔκλυρον
1127 4351 1261 4400 nnumin
1284 4344 1384 4415 veluit,

280 4419 374 4480 teleto
392 4417 522 4501 ἄλυρον,
544 4426 619 4504 qued
639 4427 676 4486 sit
692 4426 727 4484 nb
744 4426 900 4505 interprete
922 4423 1090 4501 proiectum.
1135 4423 1262 4506 Repesui
1284 4423 1386 4502 ὀλοόν,

279 4524 334 4584 que
355 4505 439 4565 etiam
463 4507 606 4584 strephieo
628 4509 745 4566 similior
765 4507 810 4567 irie
831 4525 931 4567 versus
954 4504 1092 4580 redditur.
