2980 5134
205 657 284 714 1485

807 337 881 413 146

395 522 599 618 πέμποντες
621 519 834 616 εὐλιμένους

394 645 588 743 Περσείων
612 649 726 721 οίιιων
748 643 896 721 Ἑλέναν
916 645 969 719 ἐπ’
994 643 1119 728 ἀκτάς.

654 845 943 948 ἄντι-στροφὴ
989 843 1034 918 α’.

393 1001 488 1095 ἦπου
513 1000 628 1099 κόρας
653 1000 703 1077 ἂν
728 1008 900 1098 ποταμοῦ

388 1128 474 1225 παρ’
502 1127 616 1226 οἶδμα
642 1125 920 1222 Λευκιππίδας,
956 1124 981 1220 ’ἢ
1006 1123 1078 1226 πρὸ
1102 1133 1196 1201 ναοῦ

392 1249 595 1335 Παλλάδος
620 1251 669 1327 div
694 1250 835 1350 λάβοις,

387 1373 516 1475 χρόνῳ
543 1381 776 1460 ξυνελθοῦσα
795 1383 923 1476 χοροῖς

201 1514 282 1570 1490
392 1498 416 1593 ἢ
441 1497 582 1598 κώμοις
601 1502 803 1578 Ὑακίνθου
831 1502 967 1596 νυχίαν
993 1503 1242 1600 εὐφροσύναν,

393 1625 438 1699 ὃν
461 1624 794 1724 ἐξαμιλλησάμενος

270 1829 276 1844 ,
390 1757 512 1850 τροχῷ
536 1750 685 1850 τίρμονι
712 1750 844 1826 δίσκου

291 2063 339 2101 τοι
361 2037 539 2099 scribendum
568 2057 651 2110 esse,
688 2038 810 2117 intelligi
837 2048 931 2118 potest
952 2040 1078 2118 quamvis
1100 2057 1136 2099 ex
1157 2053 1290 2121 corrupto
1310 2063 1397 2104 versu

265 2167 268 2174 .
289 2122 507 2201 antistrophico.

373 2232 465 2291 1485.
509 2226 636 2288 Perseus
657 2227 819 2288 condidisse
836 2227 976 2310 Mycenas
993 2226 1174 2312 credebatur,
1196 2228 1232 2301 de
1248 2249 1303 2310 quo
1319 2230 1396 2294 Pau-

290 2314 384 2374 sanias
412 2313 565 2383 11.15,t.
599 2320 649 2382 16,
671 2321 701 2372 3.
755 2312 898 2371 Memorat
924 2322 1016 2371 autem
1046 2322 1130 2390 pocta
1150 2311 1292 2393 Mycenas
1324 2337 1394 2389 non,

288 2396 362 2476 quud
377 2396 539 2457 Menelaum
561 2396 635 2455 iufra
655 2407 818 2474 precantem
839 2397 907 2456 lacit
927 2406 959 2454 ut
980 2394 1016 2454 ad
1033 2393 1183 2474 Naupliam
1199 2399 1318 2471 leretur,
1343 2400 1396 2459 sed

287 2482 417 2560 antiquos
437 2491 568 2540 auctores
591 2489 735 2558 sequutus,
761 2481 809 2558 qni
831 2499 894 2538 cunr
914 2479 1072 2560 priusquam
1089 2480 1216 2557 Spartam
1238 2483 1350 2541 veniret
1363 2484 1395 2543 iu

287 2576 369 2643 portu
389 2565 500 2642 Argivo
522 2583 619 2623 navem
642 2563 786 2642 appulisse
808 2559 993 2621 tradiderant.
1037 2561 1070 2620 ld
1091 2563 1130 2620 illi
1153 2573 1246 2622 autern
1271 2567 1396 2645 college·

289 2657 353 2706 rant
372 2667 408 2707 es
428 2645 580 2728 Odysseae
600 2644 654 2705 lll.
679 2656 752 2708 311.
776 2665 855 2725 seqq.
881 2645 934 2705 etsi
956 2644 1025 2704 nihil
1047 2644 1083 2705 de
1106 2664 1141 2704 ea
1162 2665 1195 2706 re
1217 2657 1263 2707 est
1282 2649 1312 2708 in
1334 2648 1393 2711 tv.

287 2736 359 2794 583.
383 2749 462 2809 seqq.

372 2842 464 2897 1487.
508 2835 576 2894 Νοο
598 2832 743 2894 adnotavit
762 2833 904 2894 Matthiae
928 2832 993 2893 edd.
1017 2843 1087 2893 vett.
1112 2833 1249 2912 προνάου
1272 2837 1394 2914 hahere,

288 2931 477 2998 mutatumque
500 2917 529 2976 id
552 2919 581 2975 in
602 2914 661 2995 πρὸ
686 2922 762 2979 ναοῦ
784 2937 850 2977 esse
870 2937 887 2976 a
909 2915 1045 2976 Cantero.
1090 2915 1249 2982 Mineruam
1271 2923 1395 3000 intelligi

208 3032 210 3036 ·
286 3003 458 3082 χαλκίοικον
479 3020 516 3060 ex
537 3022 564 3060 v.
584 3005 657 3063 252.
681 3003 787 3061 monuit
808 3000 976 3060 Barnesius.
1029 2997 1075 3057 De
1097 3000 1236 3083 Leucippi
1257 3004 1392 3078 filiarum,

286 3105 356 3165 quas
376 3083 511 3144 Dioscuri
537 3095 701 3165 rapuerunt,
722 3085 816 3144 lahula
838 3081 974 3143 videndus
990 3081 1147 3142 Werierus
1168 3086 1196 3144 in
1220 3086 1303 3146 Actis
1325 3087 1395 3148 Mo-

287 3188 352 3229 nac.
375 3168 414 3229 Τ.
435 3167 476 3229 ll.
501 3167 573 3226 iaso.
590 3174 620 3231 4.
644 3191 673 3249 p.
688 3173 760 3231 502.
781 3188 859 3247 seqq.
899 3165 958 3225 Sed
979 3183 1050 3244 quae
1072 3163 1119 3227 hic
1135 3165 1327 3250 Leucippides
1348 3171 1394 3232 di-

286 3262 405 3324 cuutur,
439 3251 610 3326 illaesum,
645 3253 681 3311 de
703 3251 803 3331 quihus
823 3250 981 3310 Pausanias
1003 3249 1125 3324 lll.16,
1145 3261 1171 3312 1.
1207 3257 1337 3334 πλησίον
1358 3255 1394 3318 δὲ

280 3333 424 3418 Ἱλαείρας
445 3336 495 3398 καὶ
516 3337 634 3418 Φοίβης
655 3336 734 3398 ἐστίν
755 3333 847 3417 ἱερόν.
891 3331 908 3396 d
930 3330 963 3394 dd
984 3330 1113 3413 ποιήσας
1132 3330 1169 3397 τά
1191 3335 1248 3419 ἔπη
1268 3333 1305 3400 col
1327 3337 1394 3401 Kai-

286 3443 360 3499 πρια
379 3419 546 3500 θυγατέρας
561 3417 655 3492 adroic
674 3415 863 3490 Ἀπόλλωνός
883 3435 978 3495 φησιν
1000 3411 1084 3479 εἶναι.
1128 3417 1216 3498 κόραι
1235 3420 1267 3483 dd
1285 3422 1392 3501 ispoiv-

285 3505 334 3564 ταί
354 3519 440 3582 σφισι
459 3502 609 3584 παρθένοι
629 3501 809 3584 καλούμεναι
827 3497 903 3565 hurd
926 3495 1018 3561 ταῦτά
1041 3507 1106 3576 ταῖς
1127 3510 1214 3579 θεαῖς
1232 3503 1283 3566 καί
1302 3504 1393 3569 calcal

284 3585 510 3661 Acuntmmidegr
547 3615 550 3626 ·

368 3699 459 3756 1490.
501 3693 602 3756 Libri:
641 3691 747 3772 νύχιον
769 3693 813 3767 είς
834 3685 994 3768 εὐφρόναν.
1038 3691 1178 3754 Matthiae
1203 3693 1319 3772 scripsit
1339 3719 1392 3757 νυ-

282 3776 350 3860 χίαν
372 3775 571 3858 εὐφροσύναν.
611 3777 658 3839 De
672 3777 855 3861 Hyacinthiis
868 3784 982 3854 praeter
994 3793 1057 3847 eos,
1081 3775 1177 3856 quide
1196 3777 1277 3837 lestis
1296 3777 1391 3839 Grae·

278 3861 378 3923 'corum
402 3865 595 3944 scripserunt,
625 3862 759 3922 disseruit
780 3859 956 3922 Welcherus
978 3857 1007 3916 in
1030 3859 1076 3918 illa
1097 3879 1169 3939 quae
1190 3859 1225 3920 de
1245 3858 1322 3920 hino
1343 3873 1391 3924 est

280 3944 483 4026 disputatione,
510 3949 539 4006 in
561 3945 668 4006 diurnis
690 3943 868 4005 scholasticis
889 3961 917 4000 a.
935 3949 1027 4004 1830.
1044 3944 1114 4002 fasc.
1134 3951 1164 4004 3.
1189 3964 1217 4024 p.
1234 3953 1286 4004 20.
1304 3965 1386 4026 seqq.

279 4029 425 4090 Nocturna
446 4030 493 4090 illa
515 4049 596 4090 sacra
616 4027 705 4087 inisse
728 4048 784 4086 non
805 4035 851 4087 est
871 4023 1003 4084 traditum
1026 4025 1247 4106 aPolycratein
1263 4025 1389 4088 Laconi-

280 4113 334 4185 cis,
349 4115 430 4173 cuius
444 4113 480 4173 de
494 4133 530 4173 eo
543 4113 617 4173 festo
631 4112 822 4171 narrationem
838 4108 947 4168 rettulit
957 4107 1125 4172 Athenaeus
1136 4111 1192 4172 tv.
1209 4130 1238 4189 p.
1253 4119 1325 4199 139.
1343 4111 1385 4173 Ι).

362 4229 454 4283 1492.
497 4220 597 4281 Lihri:
623 4220 723 4298 τροχῷ
742 4217 861 4298 τέρμονι
886 4215 1000 4278 δίσκου.
1043 4215 1185 4276 Matthiae
1206 4236 1289 4296 quum
1312 4221 1388 4280 scri-

278 4298 359 4360 beret
375 4305 516 4383 ·rippooc,
538 4299 611 4384 quod
632 4311 784 4381 regeretur
804 4301 840 4362 ah
860 4295 1147 4376 ἐξαμιλλησάμενος,
1174 4320 1227 4380 per
1247 4303 1387 4364 incuriam

276 4380 402 4446 edidisse
423 4386 536 4448 ridetur
557 4383 672 4466 cpo‘qrpz
697 4403 760 4444 uam
783 4386 807 4444 si
829 4383 956 4443 consulto
979 4383 1115 4460 lecisset,
1138 4386 1299 4459 maluisset,
1323 4389 1387 4466 opi-

276 4483 341 4537 nor,
367 4465 543 4548 distinguere
562 4467 661 4539 verha,
685 4465 793 4547 τρὸχῳ,
815 4467 937 4544 cippum
958 4467 1072 4541 δίσκου,
1094 4485 1175 4548 quarn
1190 4471 1383 4532 accusativum

274 4568 393 4628 ponere.
438 4551 498 4612 Sed
519 4561 630 4621 tamen,
653 4559 683 4609 ut
702 4551 782 4630 ipse,
804 4548 946 4610 Diudouhi
965 4569 1077 4631 qnoque
1097 4560 1127 4611 et
1146 4550 1309 4630 Pdugltius,
1344 4575 1379 4615 ea
