2996 5136
632 315 704 388 169

107 495 231 591 Ἑλένη
256 494 299 569 τὸ
325 491 453 569 λοιπὸν
479 497 520 570 ἐν
542 496 692 597 βροτοῖς
716 495 940 594 κεκλήσεται,

112 620 189 695 ἐπεὶ
209 618 346 703 κλοπάς
370 617 438 703 σδις
462 621 503 694 ἐκ
528 617 659 720 δόμων
684 622 840 714 ἐδέξατο.

112 745 256 846 καὶτῷ
280 740 446 842 πλανήτῃ
470 745 646 847 Μενέλεῳ
670 750 775 839 θεςῦν
798 747 903 850 πάρα

111 865 300 970 μακάρων
322 875 509 945 κατοικεῖν
532 867 649 966 νῆσόν
673 872 977 976 ἐστιμδρσιμον·

113 995 203 1080 τοῦς
227 996 386 1099 εὐγενεῖς
409 993 483 1099 γάρ
510 995 555 1072 οῦ
582 1005 761 1098 στυγοῦσι
784 997 970 1098 δαίμονες,

113 1129 193 1197 τῶν
218 1119 257 1196 δ’
285 1114 556 1219 ἀναριθμήτων
580 1118 724 1220 μᾶλλόν
749 1127 842 1200 εἰσιν
866 1125 901 1214 ολΙ
926 1121 1043 1216 πόνος.

435 1363 898 1447 onoKArrunuoz.
960 1441 964 1450 .
1052 1463 1055 1472 ,

117 1530 148 1608 ὥ
170 1529 281 1608 παῖδε
302 1527 435 1626 Λήδας
459 1530 523 1607 καὶ
546 1529 654 1621 Διός,
695 1532 742 1608 nd
767 1531 840 1632 μὲν
865 1531 983 1635 πάρος

115 1657 220 1752 νείκη
242 1654 399 1756 μεθήσω
424 1665 534 1757 σφῶν
556 1654 779 1761 κασιγνήτης
802 1659 894 1758 πέρι.

117 1781 191 1886 ε’γώ
221 1781 260 1858 δ’
287 1780 453 1882 ἀδελφήν
478 1781 601 1858 οὐκέτ’
626 1781 676 1859 δν
700 1780 867 1882 κτάνοιμ’
894 1781 998 1882 ε’μήν.

116 1905 221 2002 κείνη
246 1904 271 1981 δ
275 1907 286 1934 ³
314 1910 382 1982 ἴτω
406 1907 499 2009 πρὸς
523 1907 645 1998 οἶκον,
680 1914 712 1986 ελ
737 1912 840 1992 θεοῖς
865 1908 975 1985 δοκεῖ.

116 2037 225 2107 ἰ’στον
251 2031 289 2108 δ’
312 2031 462 2132 ἀρίστης
488 2031 795 2135 σωφρονεστάτης
809 2035 858 2109 ,θ’
884 2035 966 2134 ἅμα
1054 2117 1061 2142 ⁸

118 2159 247 2263 γεγῶτ’
275 2156 438 2259 ἀδελφῆς
462 2158 664 2262 ὁμογενοῦς
688 2161 752 2260 ἀφ’
778 2163 943 2258 αἵματος.

120 2283 184 2358 καὶ
198 2281 362 2383 χαίρεθ’,
391 2283 532 2380 Ἑλένης
554 2285 673 2361 οὕνεκ’
701 2282 961 2389 εὐγενεστάτης

121 2405 290 2512 γνώμης,
323 2408 344 2483 ὃ
369 2415 519 2494 πολλαῖς
544 2410 586 2486 ἐν
609 2409 781 2513 γυναιξὶν
800 2410 869 2488 οῦκ
894 2411 959 2486 ἔνι.

121 2779 178 2820 non
200 2757 305 2818 inscite
326 2777 343 2817 e
364 2757 509 2840 Stephano
529 2771 670 2835 mutntee,
701 2771 859 2822 monstrare
882 2768 1013 2840 poterent
1036 2755 1228 2839 reponendum

122 2861 208 2904 esse:
234 2839 373 2923 φρουρὸν
394 2841 463 2925 παρ’
485 2840 573 2929 :susp
594 2844 755 2924 τεταμένην
776 2850 872 2925 νῆσον
891 2843 977 2928 λέγω.

208 2984 301 3042 1704.
345 2978 450 3040 Teeuit
468 2977 622 3054 Matthiae,
644 2981 733 3042 tacuit
754 2980 922 3062 Pilngkius,
945 2983 1000 3042 etsi
1023 2999 1084 3040 cum
1106 2977 1229 3038 caeteris

124 3073 275 3124 servarunt
289 3061 424 3122 librorum
439 3065 627 3143 seripturnmt
652 3065 736 3127 ἴστον
754 3062 778 3126 δ’
791 3063 915 3147 άρίστης
930 3061 1179 3140 σωφρονεστάτης
1197 3057 1230 3122 θ’

123 3142 187 3226 άμα
210 3143 312 3228 γεγῶτ’
332 3140 466 3225 α’δελφής
490 3153 673 3229 μονογενοῦς
693 3143 745 3219 άφ’
768 3147 901 3223 αἵματος.
945 3147 1091 3226 Duportus
1107 3145 1231 3205 eonieeit

123 3227 265 3305 άὸελφολ,
279 3228 353 3310 quod
365 3229 493 3292 seribere
506 3227 629 3308 άδελφιδ
644 3230 776 3291 debebat.
798 3229 968 3308 Musgrevio
978 3251 1032 3290 non
1046 3228 1228 3309 displicebat:

124 3309 186 3378 ἀλλ’
203 3310 260 3375 ἴστ’
276 3315 330 3395 (ita
348 3313 498 3388 aberrans,
514 3335 570 3376 non
585 3315 712 3374 eonsuito
729 3315 856 3394 scripsit)
877 3312 984 3396 α’ρίοτη
999 3308 1230 3393 σωφρονεστάτη

124 3393 158 3460 θ’
171 3395 234 3478 άμα
246 3393 347 3478 γεγῶτ’
362 3393 480 3481 α’δελφῄ
492 3402 676 3476 μονογενοῦς
687 3394 739 3475 άφ’
755 3397 889 3479 αἵματος,
907 3398 1165 3476 interpretaturque
1181 3415 1231 3474 pn·

127 3492 232 3542 streete
254 3480 291 3540 od
312 3481 449 3558 rpsr‘sst'rno
466 3484 618 3560 sunguine,
639 3482 676 3542 ab
692 3502 747 3542 τιιιο
766 3482 917 3562 eodemque
929 3483 1078 3559 sanguise.
1115 3477 1148 3538 ld
1162 3498 1231 3539 vero
1348 3511 1359 3530 ·

126 3575 253 3644 apertum
269 3572 314 3624 est
330 3582 384 3622 nee
403 3583 453 3643 per
468 3585 499 3625 se
513 3567 576 3626 fieri
590 3585 685 3646 posse,
710 3566 793 3625 multe
806 3576 900 3625 nutem
913 3565 1016 3636 minus,
1040 3561 1125 3642 quod,
1148 3582 1231 3641 quum

126 3649 207 3708 nniee
220 3646 320 3708 Ledae
335 3665 372 3706 ex
385 3646 453 3706 love
470 3649 527 3708 iiiia
542 3647 629 3709 inerit
638 3650 768 3723 Helene,
788 3667 939 3708 remonon
956 3649 1094 3708 Helenam
1110 3669 1233 3727 μονογε-

127 3730 176 3806 νὲς
197 3725 272 3812 αἷμα
292 3728 349 3789 diei
371 3727 514 3792 erederet.
556 3730 633 3807 Quid
650 3752 746 3793 verum
761 3742 857 3804 esset,
881 3731 991 3791 videret
1008 3729 1162 3803 Centerus,
1186 3731 1232 3808 qni

129 3813 296 3896 ὁμογενοῦς
309 3809 362 3888 εἶφ’
376 3814 501 3893 αἳματος
514 3815 651 3890 ¹correxit.
681 3818 800 3889 Scitote,
815 3816 916 3895 inquit,
931 3835 980 3875 uos
995 3816 1116 3892 optimae
1131 3815 1233 3873 costis·

127 3901 270 3978 rentaeque
299 3899 410 3959 sororis
437 3902 578 3960 communi
600 3901 733 3977 genitore
758 3900 899 3977 sunguine
923 3918 984 3958 esse
1014 3907 1108 3956 notos.
1151 3893 1234 3952 Dixit

130 3980 282 4060 Euripides
302 3978 466 4060 ὁμογενοῦς
489 3984 582 4044 notive
604 3991 760 4061 potestate,
791 3992 822 4041 ut
843 3975 917 4058 οἶμα
937 3977 1079 4061 ὁμογενὲς
1100 3973 1236 4052 άδελφῦς

130 4064 169 4122 sit
186 4065 263 4125 lovis
284 4065 418 4142 sanguis,
441 4067 488 4145 qui
509 4085 565 4125 une
585 4083 647 4123 enm
674 4062 823 4123 Dioscuris
845 4064 985 4123 Helenum
1007 4061 1145 4143 genuerit.
1188 4059 1235 4119 Si·

129 4148 233 4208 militer
254 4166 290 4206 eo
309 4147 445 4209 vocabulo
465 4169 533 4209 usus
555 4157 600 4207 est
621 4146 777 4227 Sophocles
798 4147 827 4205 in
850 4146 894 4206 his
915 4144 1020 4226 Oedipi
1041 4145 1079 4204 R.
1093 4165 1120 4206 v.
1139 4152 1232 4208 1360.

299 4251 355 4310 νῦν
378 4245 404 4308 δ’
426 4247 523 4322 άθεος
544 4247 599 4324 μέν
620 4241 688 4326 εἰμ’,
716 4240 849 4307 άνοσλων
870 4243 903 4308 δὲ
923 4252 1005 4322 παῖς,

297 4327 446 4414 ὁμογενὴς
466 4329 492 4393 δ’
512 4326 564 4409 ἆρ’
585 4321 629 4392 nio
649 4324 741 4403 αδτὸς
761 4327 838 4408 ἔφαν
857 4326 956 4404 τάλας.
1047 4338 1049 4346 ⁴

130 4449 206 4521 Ubi,
235 4459 267 4509 ut
287 4448 360 4530 npnd
381 4446 547 4528 Euripidem
570 4469 631 4509 eum
654 4447 778 4526 genitivo
799 4459 952 4526 generetne
979 4450 1156 4509 coniunctum
1179 4458 1234 4519 est,

132 4534 175 4593 sie
195 4531 231 4593 ed
252 4531 426 4594 intellectum
450 4529 569 4592 dativum
590 4532 739 4610 genitricis
762 4527 896 4594 reiertnr.
979 4555 981 4560 ·
