2998 5136
778 336 850 410 138

428 516 535 611 ἔβαλε
561 513 696 592 σελάνα

429 644 574 740 [νοινᾷ
597 636 717 737 μόνον
742 642 892 737 otiosus]-

708 861 864 934 ΕΛΕΝ
866 866 916 934 Η.

175 1008 309 1082 testord
332 1007 403 1107 μὲν
428 1012 508 1085 κατ’
533 1015 658 1095 οἴκους
681 1015 930 1110 εὐτυχοῦμεν,
957 1011 988 1088 ui
1014 1013 1138 1110 φίλαι·

260 1135 283 1228 ἡ
309 1133 382 1236 γάρ
402 1137 728 1214 ,συνεκκλέπτουσα
753 1137 940 1237 Πρωτέως
963 1134 1067 1236 κόρη,
1137 1199 1152 1234 .,

260 1257 371 1336 πόσιν
396 1258 564 1360 παρόντα
588 1260 656 1338 τὸν
683 1262 773 1359 ἐμὸν
797 1263 1052 1362 ἱστορουμένη,

262 1386 331 1460 οὐκ
355 1386 428 1459 εἶπ’
449 1386 617 1486 ἀδελφῷ·
655 1383 900 1466 κατθανόντα
922 1387 962 1464 δ’
985 1391 1025 1465 ἐν
1043 1385 1160 1482 χθονὶ
1193 1443 1196 1452 .

261 1512 308 1585 οὔ
333 1534 448 1610 φησιν
472 1511 591 1615 αὐγάς
614 1517 759 1610 ελςορᾶν
784 1510 876 1609 ἐμὴν
897 1509 1023 1611 χάριν.

174 1658 1079 1717 1395¹ll¹lldldlll¹llllildlilssli

260 1758 438 1838 κάλλιστα
462 1760 582 1857 δῆθεν
605 1763 745 1858 lione&
768 1766 809 1838 ἐν
829 1763 924 1858 τύχῃ
945 1758 1068 1844 πόσις·

261 1957 531 1970 ——-———-—-—

262 2064 386 2144 oblitus,
420 2075 449 2124 ut
476 2083 548 2126 nove
577 2075 661 2144 etque
689 2064 724 2126 alr
747 2084 811 2129 sese
833 2066 946 2126 inventa
975 2065 1127 2142 proferret·
1171 2063 1243 2125 Nam
1266 2058 1364 2126 endem

261 2149 368 2222 omnin,
392 2167 463 2228 quac
480 2146 618 2219 Botlnius,
639 2149 669 2206 in
687 2147 732 2207 his
758 2147 854 2209 verbis
877 2148 1002 2210 mutavit.
1056 2143 1115 2208 Sed
1136 2166 1170 2205 ea
1192 2158 1247 2205 tarn
1268 2145 1366 2220 inepte

263 2243 338 2304 sunt,
361 2243 391 2292 ut
413 2232 501 2292 teceri
523 2229 683 2292 debuerint.
730 2231 891 2310 Pliugltiuur
918 2251 1027 2311 quoquc
1054 2250 1072 2290 n
1092 2226 1278 2291 coniectando
1299 2231 1365 2287 obs-

262 2316 354 2379 tinerc
384 2316 472 2378 sotius
502 2325 581 2387 crat,
615 2315 640 2374 si
669 2333 726 2374 non
756 2315 872 2376 afferret
898 2312 972 2394 quod
994 2325 1022 2374 et
1049 2323 1127 2374 recte
1153 2312 1256 2372 dictum
1284 2320 1366 2370 essct

261 2409 290 2458 et
305 2400 470 2462 conveniret
487 2408 588 2459 metro.
620 2396 720 2457 Laudo
732 2417 800 2458 vero
815 2397 981 2470 (deuterum,
997 2396 1044 2478 qui
1057 2396 1163 2476 primus
1177 2394 1279 2455 viderit
1294 2393 1365 2455 hece

261 2481 415 2544 cohaerere
439 2502 501 2542 curn
520 2480 772 2562 praecedentibus,
802 2483 945 2560 scribique
967 2481 1099 2552 volucrit,
1123 2480 1178 2538 etsi
1200 2479 1247 2540 uix
1270 2488 1362 2548 recte,

261 2556 327 2627 εὖτέ
348 2590 396 2628 νιν
416 2564 545 2648 ηὕγασεν
565 2561 683 2639 ὕπερθε
702 2563 819 2626 σελάνα.
863 2566 955 2638 Quum
976 2563 1005 2622 in
1027 2563 1076 2622 teli
1098 2563 1159 2622 loco
1181 2572 1230 2620 eut
1246 2581 1364 2640 prorsus

260 2649 456 2710 abstinendum
479 2649 513 2710 oh
536 2646 749 2720 emendatione,
782 2660 829 2708 aut
848 2646 953 2726 aliquid
974 2645 1107 2707 audacius
1129 2643 1290 2705 tentandum
1314 2645 1363 2716 sit,

261 2734 317 2792 leci
345 2754 398 2813 ego
428 2733 511 2792 huius
536 2733 579 2791 rei
605 2731 758 2809 periculum
781 2733 810 2790 in
833 2731 991 2790 Elementis
1012 2728 1103 2789 doctr.
1130 2739 1212 2789 metr.
1237 2749 1264 2807 p.
1287 2733 1361 2790 558.

261 2815 314 2876 sed
343 2819 398 2876 isto
421 2817 475 2874 iem
498 2834 580 2893 quum
605 2823 720 2892 propter
740 2814 923 2874 violentiores
948 2815 1132 2884 mutationes,
1165 2823 1222 2870 tunt
1248 2823 1367 2891 proptor

260 2910 348 2960 melre
377 2898 484 2959 indicte
509 2897 603 2955 velim.
661 2895 812 2956 Proiectus
840 2899 916 2956 enim
941 2917 1017 2956 erens
1050 2895 1086 2954 el»
1120 2896 1225 2956 ultimis
1252 2895 1363 2966 verbis,

259 3001 331 3060 quoe
353 2983 398 3061 qui
422 2980 545 3059 genuine
567 2997 633 3038 esse
658 2989 770 3057 putant,
808 3001 864 3039 non
891 2979 973 3040 video
999 2978 1136 3058 quomodo
1158 2977 1365 3059 praecedentes

259 3064 330 3124 duos
350 3064 507 3123 versiculos
529 3063 702 3122 constituere
724 3065 852 3142 possint,
884 3075 915 3122 ut
934 3064 987 3124 ists
1008 3068 1113 3144 μορφᾷ
1136 3062 1230 3136 μόνον
1250 3061 1365 3140 ηὔχεις,

259 3167 331 3225 quoe
355 3166 410 3207 non
430 3158 548 3226 possunt
565 3145 624 3204 solo
644 3165 697 3224 per
718 3166 749 3206 sc
770 3157 868 3220 sture,
897 3147 990 3226 alique
1010 3145 1148 3226 probnlnili
1170 3147 1279 3206 ratione
1300 3166 1364 3206 curn

260 3232 323 3290 istis
346 3240 558 3291 connectentur.
603 3228 686 3289 lineo
705 3234 760 3289 trie
780 3231 868 3289 verbu
883 3250 956 3289 nunc
976 3249 1138 3310 persuasum
1159 3229 1297 3290 labeoni)
1312 3231 1366 3289 eli·

153 3330 157 3340 '
260 3332 314 3392 quo
335 3315 528 3393 pannutius,
553 3312 621 3371 satis
645 3313 742 3392 inepte
759 3313 883 3393 quiden,
907 3312 1049 3393 adscripta
1072 3331 1155 3384 esse,
1183 3323 1214 3372 ut
1232 3314 1364 3393 stropho,

261 3399 341 3457 cuius
363 3398 476 3458 ultimus
498 3413 598 3458 versus
620 3395 794 3469 excidisset,
824 3396 1000 3504 impleretur.
1042 3396 1140 3475 ltaque
1161 3397 1242 3457 uncis
1263 3415 1297 3457 en
1320 3399 1366 3456 in·

259 3480 351 3552 clusi,
375 3491 490 3542 nectere
509 3491 601 3540 eutem
624 3480 666 3540 sic
688 3481 808 3560 scripsi:
835 3479 902 3542 ευτέ
922 3503 971 3540 ννν
994 3478 1124 3560 ὄμμασιν
1141 3479 1227 3558 ἔβαλε
1242 3478 1362 3543 σελάνα.

259 3561 307 3627 Ex
329 3564 488 3629 Troadibus
510 3585 538 3624 v.
561 3572 653 3629 1071.
685 3564 870 3642 intelligitur,
901 3563 1031 3645 Phrygio
1057 3563 1106 3627 itta
1135 3581 1217 3630 tacra
1244 3566 1364 3644 singulis

260 3648 402 3712 mensibus
424 3648 578 3729 plenilunio
599 3665 663 3709 esse
684 3647 845 3710 celebretur

549 3746 683 3827 φροῦδαί
704 3768 752 3808 σοι
774 3745 880 3808 θυσίαι
901 3749 1002 3825 χσροῖν
1023 3742 1047 3808 τ’

549 3829 681 3910 εάφερριοι
701 3829 822 3896 κέλαδοι
842 3826 905 3894 κατ’
926 3828 976 3910 ὄρ·
1067 3897 1070 3906 ,

549 3938 629 3994 φναν
651 3912 701 3974 κοιλ
723 3915 901 3994 παννυχίδες
924 3919 1019 3989 θεοῖν,

549 3994 681 4078 χρυσέων
702 4019 733 4060 τε
753 3994 871 4074 ξοάνων
892 3994 997 4074 τύπος,

550 4083 680 4164 Φρυγῶν
700 4103 732 4142 τε
751 4077 857 4154 ζάθεοι
877 4087 962 4146 σελᾶ-

548 4187 598 4228 ναι
617 4161 790 4228 συνδώδεκα
810 4161 932 4246 πλήθει.

261 4269 387 4344 Quorum
407 4288 537 4328 versuum
561 4267 608 4346 qui
631 4275 745 4347 quartus
767 4277 829 4338 est,
864 4286 926 4326 cum
950 4266 990 4326 sic
1012 4265 1048 4327 ab
1068 4263 1205 4345 Euripide
1227 4269 1363 4348 scriptum

259 4347 443 4414 crediderimr
474 4348 605 4432 χαλκέων
624 4371 656 4410 τε
676 4346 831 4434 κροτάλων
852 4345 970 4412 κτύποι.

346 4470 435 4527 1395.
460 4475 549 4529 1³96.
581 4466 667 4525 Nullo
686 4467 805 4525 lecnnoe
824 4466 948 4543 vestigio
962 4465 990 4523 ln
1010 4465 1091 4528 libris
1112 4466 1266 4545 scripturus
1285 4467 1362 4530 πάλε

260 4554 344 4611 λιστα
363 4547 427 4630 δῆτ’
449 4547 624 4632 dolosanus
645 4547 678 4611 dv
699 4545 774 4630 τύχῃ
796 4546 892 4622 κάσις.
935 4547 1004 4608 Per.
1025 4549 1063 4609 E.
1077 4546 1253 4630 δνήρπασεν.
1287 4552 1364 4613 Βεε-
