2996 5136
774 295 846 370 tul

630 497 979 578 ΜΕΝΕΛΑΟΣ.

255 681 369 736 κακος
393 653 463 752 μὲν
489 655 608 753 ὄρνις·
649 658 680 727 εἰ
705 651 748 728 δὲ
772 650 944 751 κερδανῶ
965 650 1094 752 λόγων,
1175 717 1178 730 .
1204 697 1207 708 ·

257 774 400 876 ἕτοιμός
425 784 499 877 alpe
525 778 577 875 μὴ
603 776 739 853 θανών
760 773 858 878 λόγῳ
877 777 1038 872 θανεῖν.ί

707 986 920 1070 ΕΛΕΝΗ.

172 1155 253 1210 1070
261 1137 324 1211 καὶ
349 1138 425 1233 μὴν
449 1137 670 1241 γυναικείοις
696 1140 729 1214 u'
758 1136 807 1213 diu
833 1136 1118 1233 οἰκτισαίμεθα·
1218 1199 1221 1206 .

261 1269 430 1364 κουραῖσι
455 1262 713 1364 καὶθρήνοισι
735 1261 826 1362 πρὸς
850 1259 917 1338 τόν
936 1256 1104 1338 ἀνόσιον.

628 1471 681 1543 Μ
682 1471 715 1550 ,Ε
720 1471 761 1542 Ν
762 1471 794 1540 Ε
799 1466 840 1539 Λ
846 1469 882 1540 Α
893 1466 982 1540 ΟΣ.

240 1619 453 1720 σωτηρίας·
467 1620 518 1700 δὲ,
533 1621 642 1698 τοῦτ’Δ
662 1623 734 1716 ἔχει
758 1618 795 1696 τό
820 1627 900 1720 νῷν
925 1620 1015 1701 ἄκος
1020 1649 1047 1711 ,·.

261 1742 420 1840 ἅπαιόλη
447 1745 520 1849 γὰρ
546 1754 600 1847 τῴ
624 1725 722 1848 λόγῳ
746 1746 779 1848 y'
806 1743 930 1820 thanat.
948 1772 1013 1828 τις.

261 2012 398 2073 Reislrius
428 2015 618 2076 eoniieiehat:
646 2011 750 2095 βοόλει
773 2039 828 2078 νον
850 2007 926 2096 ἔργῳ
946 2011 988 2097 μὴ
1010 2010 1118 2076 θανόν
1143 2009 1222 2095 λόγῳ
1244 2017 1370 2090 devoir,-

262 2095 356 2155 Recte
380 2116 449 2156 vero
473 2097 653 2160 Fritzsehius
680 2119 732 2180 pro
754 2096 834 2184 λόγῳ
863 2097 1045 2180 scribendum
1069 2095 1147 2176 vidit*
1161 2097 1263 2180 ἔργα.ι
1295 2097 1371 2180 Nam

263 2190 294 2238 ut
314 2199 368 2258 per
387 2199 420 2239 se
442 2179 556 2242 delendi
578 2183 669 2263 possit
690 2182 829 2265 λέγεσθαι
850 2183 883 2244 λό
906 2207 947 2265 ῳ,
976 2194 1070 2244 tanuen
1090 2179 1171 2241 valde
1193 2181 1370 2242 invenustum

264 2273 309 2322 est
330 2275 501 2343 propterea,
525 2265 600 2344 qnod
619 2265 719 2326 iisdem
740 2268 836 2328 verhis
857 2291 899 2346 μη
921 2263 1028 2332 θανόν
1049 2262 1128 2347 λόγῳ
1148 2269 1257 2326 θανεῖν
1276 2265 1371 2328 statim

264 2344 349 2405 aliter
368 2349 454 2408 utitur
475 2347 639 2409 Menelaus.
690 2349 814 2412 Accedit
835 2351 909 2430 quod
932 2351 1064 2411 laeillirne
1087 2348 1183 2409 oculus
1204 2348 1313 2410 lihrarii
1335 2345 1371 2408 ad

265 2431 320 2488 ista
340 2428 467 2491 Menelai
491 2433 579 2493 verha
598 2433 735 2495 aherrare
756 2436 858 2516 potuit.

351 2547 444 2601 1068.
488 2539 587 2601 Libri=
620 2543 648 2604 al
669 2540 701 2603 dl
722 2544 859 2624 xrpdovoi
880 2539 996 2624 λέγειν,
1025 2535 1144 2620 ἕτοιμός
1166 2539 1228 2620 εἰμι
1250 2535 1372 2620 poldo-
1494 2556 1495 2560 ’

265 2617 328 2694 ναόν
357 2619 437 2706 λόγῳ
464 2630 595 2689 danaim·
636 2625 666 2686 A
697 2625 838 2692 Barnesio
869 2627 1042 2706 propositum
1071 2623 1165 2706 λέγων
1197 2641 1248 2704 pre
1278 2620 1374 2704 liparo
1494 2689 1495 2694 ,

189 2779 191 2782 ¹
267 2716 417 2767 tenuerunt
436 2705 572 2790 deinceps
593 2708 730 2770 editores.
768 2709 933 2804 Seidlerns:
958 2707 1037 2772 ελόὲ
1054 2709 1191 2791 κερδανῶ
1198 2753 1208 2783 ,
1237 2706 1310 2790 λέγε.
1365 2769 1368 2784 ,
1494 2775 1495 2782 ἶ

352 2823 445 2879 1070.
489 2815 604 2875 luserul
625 2813 659 2876 α’.

352 2923 444 2978 1073.
489 2913 547 2972 Hie
574 2932 673 2973 versus
704 2915 732 2974 in
758 2914 839 2976 lihris
856 2916 996 2996 sequenti
1024 2913 1153 2975 Helenae
1180 2913 1302 2975 disticho
1324 2911 1375 2974 ad·

267 2998 358 3056 iectus
380 3008 453 3056 erat.
505 2994 641 3057 Menelao
673 2995 797 3058 restitnit
817 2997 1004 3080 Tyrwhittus.
1048 2996 1170 3076 Legitur
1195 3010 1288 3058 autem
1312 2999 1371 3058 sio:

266 3075 432 3154 παλαιότης
452 3074 510 3159 γὰρ
531 3083 574 3162 τῷ
596 3077 676 3160 λόγῳ
697 3077 724 3163 γ’
747 3081 841 3144 ἔνεστί
862 3106 917 3156 τις.
969 3081 1035 3143 Νοο
1060 3093 1231 3150 memoratur
1250 3077 1374 3148 παλαιό-

266 3187 320 3242 της
334 3165 400 3224 alihi
415 3167 570 3224 inventurn.
618 3165 673 3228 Hie
695 3166 742 3244 qui
765 3167 986 3247 interpretantur
1007 3165 1153 3225 stultitiam
1175 3166 1220 3225 vel
1241 3166 1374 3245 simplici-

266 3259 352 3309 tatem
374 3269 429 3308 oon
450 3248 540 3309 solum
562 3249 590 3308 in
609 3249 675 3329 'ipso
694 3249 829 3312 vocabulo
852 3249 1002 3310 falluntur:
1031 3251 1094 3308 nani
1115 3249 1139 3307 si
1157 3247 1302 3307 heonnro
1319 3273 1375 3310 πα-

266 3327 352 3412 λαιόρ
375 3334 415 3392 ita
434 3344 596 3412 usurpatum
619 3343 684 3404 est,
712 3354 768 3393 non
788 3337 915 3414 sequitur
934 3345 965 3393 ut
986 3329 1149 3412 παλαιότης
1170 3330 1243 3411 apud
1260 3331 1374 3394 Atticos
1415 3387 1416 3390 ,

265 3415 340 3474 hane
361 3426 529 3495 potestatem
557 3414 678 3475 haheatt
716 3437 812 3478 verum
840 3419 922 3477 etiarn
949 3417 1116 3476 sententiaro
1147 3415 1271 3474 inierunt
1291 3416 1375 3494 plane

265 3497 433 3567 absurdam,
470 3497 649 3576 absurdeque
680 3501 870 3560 enunciatano.
922 3498 1029 3570 Certe,
1068 3496 1188 3576 siquid
1216 3497 1375 3558 istius-oui

265 3580 313 3638 hio
332 3579 390 3639 dici
409 3581 560 3660 potuisset„
584 3578 747 3658 ματαιότης
768 3583 861 3663 potius
883 3579 1037 3642 diceretur.
1075 3580 1235 3642 ,Fattaoinn
1255 3580 1376 3646 hicno-

266 3662 426 3722 minandam
447 3664 536 3722 luisse
556 3661 627 3722 vidit
643 3663 804 3742 Plluglius,
828 3663 880 3724 sed
902 3665 1005 3725 frustra
1026 3673 1143 3724 eonatus
1166 3672 1211 3722 est
1231 3681 1269 3725 ex
1289 3661 1376 3722 libro·

267 3766 329 3810 rum
350 3747 490 3828 scriptura
518 3747 602 3806 istam
632 3749 776 3808 notionem
805 3766 919 3808 eruere.
965 3746 1082 3806 Felellit
1102 3745 1235 3806 librarios
1255 3746 1375 3805 rarioris

266 3850 335 3890 usus
357 3829 521 3891 vocabulum
550 3825 699 3906 donidio,
731 3841 761 3890 ut
788 3827 951 3908 παλαιότης
973 3828 1142 3889 scriberent.
1188 3827 1373 3912 Hesychius:

266 3911 416 3994 α’παιόλη,
437 3909 556 3996 όπότη,
578 3910 785 3998 ἄποοτέρησις.
828 3910 979 3994 Αἰσχύλος
1001 3912 1195 3995 Περραιβοῖς.
1237 3913 1376 3995 Aeschyli

266 4018 391 4072 versum,

504 4081 653 4162 τέθνηκεν
675 4081 806 4164 αἰσχροῖς
826 4077 989 4162 χρημάτων
1009 4075 1154 4164 όπαιόλρ,
1221 4083 1226 4094 ’

267 4191 391 4250 servavit
404 4189 572 4251 Eustathius
594 4211 623 4271 p.
642 4194 715 4264 352,
733 4198 785 4252 33.
810 4209 846 4250 ex
866 4209 957 4270 eoque
977 4189 1149 4248 Favorinus.
1192 4187 1269 4251 Vide
1292 4189 1376 4249 etiarn

267 4270 394 4333 Belnheri
424 4273 537 4335 Aneod.
578 4295 606 4354 p.
637 4282 717 4347 419,
751 4283 801 4336 12.
843 4274 921 4334 Noto
952 4271 1154 4354 Aristophanis
1191 4265 1378 4352 παμβασίλει’

266 4350 410 4434 Ἀπαιόλη
430 4355 510 4417 Nuh.
525 4380 554 4419 v.
573 4363 665 4422 noa.
684 4356 760 4420 unde
775 4353 885 4436 παιόλη
900 4356 972 4438 apud
989 4355 1116 4418 Suidaoa.
1162 4356 1260 4418 Verho
1272 4351 1377 4415 όπαιο-

267 4442 331 4499 λεῖν
351 4457 419 4498 usus
441 4437 597 4520 Euripides
616 4443 679 4504 lon.
705 4448 779 4506 549.
822 4441 975 4501 Caeterum
993 4439 1066 4520 quod
1083 4439 1153 4500 dieit
1168 4435 1318 4498 Menelaus
1335 4438 1377 4498 sio
1403 4483 1406 4498 .

268 4519 502 4601 intelligendum
538 4543 605 4584 num
618 4527 748 4607 sulluoia
767 4527 798 4586 ιἰι
822 4525 906 4586 dailei
926 4526 1039 4605 quidem
1060 4523 1221 4585 ιιιιόιλιεει.
1298 4558 1307 4578 .
