2944 5128
619 301 669 378 95

80 500 203 600 κακὴν
226 502 392 602 morino
414 499 559 576 κάθεον
582 500 840 594 κατακτανών,

78 630 107 727 ἣ
132 626 222 705 κεῖν’
254 621 403 726 ἀφῄρει,
429 621 525 724 μήθ’
556 625 775 719 ὁπλίζεσθαι
796 629 889 730 χέρα

80 752 175 854 μήτε
202 747 415 854 στρατεύειν
440 749 633 829 ἐκλιπόντα
659 750 831 853 δείματα,

82 886 117 956 ελ
141 879 285 956 τάνδον
311 875 561 978 οἰκουρήμαθ’
592 880 627 954 οἱ
652 882 876 980 λελειμμένοι

83 1006 326 1108 φθείρουσιν,
352 1003 506 1114 ἀνδρῶν
531 1005 681 1092 εὔνιδας
705 1005 935 1109 λωβώμενοι.

83 1133 149 1208 καὶ
173 1139 251 1217 τοῖς
273 1162 314 1236 γε
336 1138 510 1233 χρηστοῖς
534 1128 577 1210 εὖ
601 1133 719 1237 λέγειν
742 1133 928 1234 ἐφαίνετο,
966 1169 971 1180 ·

18 1263 23 1270 '
82 1258 232 1344 κούδείς
254 1259 304 1335 ἔτ’
333 1258 419 1334 εἷπε.
446 1258 510 1346 σὸς
535 1260 572 1337 δ’
602 1263 740 1360 ἐπῆλθε
767 1258 960 1365 σύγγονος,

82 1387 176 1472 ἔλεξε
201 1384 259 1476 δ’,
287 1381 318 1462 ὦ
343 1393 415 1489 γῆν
432 1383 579 1482 Ἰνάχου
604 1387 829 1484 κεκτημένοι,

80 1511 175 1610 ύμῖν
201 1509 360 1613 άμύνοιν
384 1509 497 1589 οὐδὲν
519 1505 637 1607 ἧσσον
662 1511 686 1607 ἢ
712 1513 825 1612 πατρὶ

82 1638 226 1712 ἔκτεινα
250 1637 392 1736 μητέρ’.
418 1641 450 1710 ελ
474 1635 547 1739 γὰρ
574 1636 743 1734 ἀρσένων
769 1633 885 1734 φόνος

84 1763 188 1837 ἔσται
212 1761 384 1864 γυναιξὶν
409 1760 521 1851 ὅσιος,
548 1762 594 1838 οὐ
620 1757 801 1860 φθάνοιτ’
831 1762 881 1836 ἔτ’
913 1761 962 1840 ab

82 1885 324 1986 θνήσκοντες,
350 1887 374 1978 ἢ
398 1889 546 1991 peraret
571 1885 761 1964 δουλεύειν
782 1884 926 1987 χρειύν·

82 2013 306 2092 τούναντίον
332 2013 372 2092 δι’
399 2011 549 2114 δράσετ’
578 2015 601 2113 ἢ
627 2015 765 2116 δρᾶσαι
786 2009 921 2114 χροιάν.
990 2061 993 2070 ⁴

83 2149 158 2218 νῦν
182 2140 252 2239 μὲν
276 2140 350 2245 γάρ
376 2141 617 2240 ἡπροδοῦσα
642 2143 760 2241 λέκτρ’
791 2145 884 2239 ἐμοῦ
910 2140 1048 2242 πατρὸς

81 2268 281 2365 τέθνηκεν·
308 2274 340 2343 ελ
366 2267 407 2344 δέ
433 2267 481 2366 δὴ
505 2269 762 2346 κατακτενεῖ-τί
783 2297 844 2367 με,

168 2608 241 2670 910.
262 2611 336 2670 Flos.
358 2601 424 2671 2.’
390 2601 529 2715 υφῄρει.

168 2693 241 2756 911.
264 2695 301 2758 Η
322 2690 386 2774 μήτ
390 2687 641 2778 ’ίκσιροτιύεικ
1292 2763 1297 2772 ,

168 2778 241 2840 913.
262 2780 412 2860 Legebatur
432 2781 483 2854 hic,
505 2787 536 2844 ut
557 2784 625 2851 alibi,
647 2773 775 2852 εύνίδας.
819 2779 989 2839 Graurmatiei
1011 2773 1130 2852 εύνιδας
1146 2786 1208 2840 scri·

83 2863 194 2923 bendum
217 2866 350 2926 dictitant.
372 2889 396 2927 r.
414 2868 501 2941 Etym.
524 2867 564 2926 M.
587 2865 676 2944 ρ.,97
698 2861 749 2925 51.
772 2864 851 2936 393,
866 2862 916 2925 38.
938 2863 1035 2926 troad
1055 2865 1145 2944 ρ.32,
1158 2865 1208 2928 17.

167 2949 241 3010 916.
261 2952 327 3010 Post
347 2953 417 3012 launo
437 2974 540 3013 versum
561 2954 695 3031 legebatur
719 2951 777 3012 bie:
811 2943 905 3010 πάλαι
935 2949 1108 3032 Πελασγοί,
1139 2949 1208 3012 Au·

80 3031 185 3094 νοίδαι
207 3031 241 3094 dd
262 3029 438 3115 δεύτερον,“
431 3059 458 3094 rn
480 3059 530 3112 quo
551 3039 666 3113 plerique
687 3038 762 3099 oodd.
785 3044 812 3095 et
832 3035 987 3095 Eustatbius
1015 3058 1041 3114 p.
1063 3033 1134 3108 357,
1156 3035 1207 3095 31.

82 3121 128 3194 qui
147 3117 217 3175 buno
237 3139 340 3177 versum
362 3125 486 3197 etiamp.
509 3118 580 3189 320,
604 3120 632 3178 l.
654 3125 767 3196 respicit,
789 3130 815 3178 et
837 3121 870 3179 ad
890 3121 1012 3192 Dionysii
1037 3143 1064 3180 e.
1086 3119 1158 3181 347.
1179 3127 1208 3180 in

80 3205 211 3279 prioribus
233 3201 397 3274 editionibus,
418 3198 452 3262 δὲ
472 3207 603 3263 omittunt.
645 3204 712 3261 Ven.
735 3208 760 3263 b.
782 3201 902 3262 Δαναοί
925 3199 958 3262 δέ
980 3196 1130 3284 δεύτερον.
1164 3205 1207 3264 Ex

82 3287 232 3365 Musgravii
262 3293 390 3347 sententia
410 3287 480 3346 huno
500 3308 603 3346 versum
627 3296 655 3346 ut
676 3287 843 3365 Euripideum
872 3287 988 3364 quidem,
1020 3287 1078 3346 sed
1095 3303 1127 3347 ex¹
1155 3291 1207 3348 alia

81 3373 173 3430 fabula
194 3381 334 3449 sumptum,
355 3382 425 3431 reete
453 3376 583 3431 eiecerunt
605 3373 754 3432 Brunclrius
781 3382 807 3431 et
827 3372 971 3431 Porsonus.
1014 3372 1142 3435 Matthiae
1170 3384 1208 3433 ta·

2 3475 8 3482 ’
81 3476 141 3516 tuen
163 3459 311 3528 verebatur,
343 3478 376 3516 ne
403 3466 480 3535 poeta
502 3458 619 3517 Orestem
648 3477 724 3516 suum
756 3456 979 3516 commemoranda
1007 3462 1159 3536 antiquitate
1181 3469 1207 3518 et

82 3543 188 3600 fortuna
210 3546 296 3621 gentis
317 3543 432 3602 favorem
444 3556 556 3647 captare
575 3544 697 3604 voluerit.
746 3541 784 3603 At
803 3543 942 3609 uerendum
964 3533 1051 3620 potius
1072 3553 1141 3617 erat,
1173 3567 1207 3604 ne
1310 3611 1312 3616 ,
1396 3597 1400 3606 ,

81 3628 106 3683 is
128 3631 171 3703 qui
193 3624 287 3685 diceret
309 3622 390 3686 al
355 3648 414 3708 γαρ
429 3621 571 3705 άροίνων
593 3621 687 3710 φόνος
706 3613 794 3689 ἔσται
822 3627 957 3708 γυναιξίν
984 3621 1082 3702 ὅσιος,
1115 3651 1205 3707 parum

82 3721 157 3769 caute
177 3710 355 3771 Danaidarum
377 3715 546 3816 appellatione
568 3718 718 3773 memoriam
740 3719 865 3773 excitaret
886 3714 1140 3792 undequinquaginta
1153 3715 1207 3772 Da·

81 3798 125 3854 nai
146 3778 275 3870 filiarum,
310 3799 486 3858 absolutarum
517 3805 545 3858 in
577 3799 673 3858 iudicio
705 3799 879 3876 Argivorum,
912 3818 961 3856 neo
986 3799 1132 3872 punitarum
1156 3801 1207 3856 nisi

82 3881 150 3938 aud
171 3883 280 3941 inferos.

98 3901 114 3958 p
166 3963 239 4024 917.
260 3967 333 4025 Flor.
357 3965 407 4026 10.
428 3969 525 4024 omittit
546 3960 643 4026 ούδέν.
664 3963 736 4024 Flor.
758 3955 854 4024 33.
838 3968 910 4041 υμῖν
937 3954 1062 4041 ἀμύνων
1086 3965 1206 4041 μᾶλλον

81 4069 102 4128 q
122 4043 229 4125 τουμιο
251 4047 354 4128 πατρί.

166 4132 245 4197 923.
260 4134 383 4211 Plerique
404 4135 507 4195 eodioes
527 4131 554 4194 al
574 4129 608 4194 dl
629 4128 668 4212 δη
690 4129 906 4194 κατακεονεῖτέ
921 4153 970 4210 με.
992 4134 1060 4194 Ven.
1079 4137 1104 4194 b.
1125 4133 1151 4196 rt
1173 4129 1206 4196 δί

68 4211 218 4279 ’κτανεῖτέ
234 4238 282 4295 με.
311 4219 372 4278 Ald.
400 4218 427 4280 el
453 4215 487 4280 δι’
517 4213 556 4297 δη
578 4214 786 4281 revomunt
802 4239 850 4296 με.
892 4221 1041 4280 Porsonus:
1064 4217 1090 4279 el
1110 4215 1144 4280 δὲ
1164 4216 1203 4298 δὴ

83 4307 272 4364 autumemus
276 4297 371 4380 ’ἐμὲ
415 4304 498 4370 Quem
521 4323 598 4405 quutp
621 4316 727 4364 secutus
749 4313 819 4363 esset
840 4304 976 4375 Matthiae,
997 4309 1123 4382 poenituit
1145 4325 1203 4364 eum

81 4391 110 4446 in
131 4387 305 4459 adnotatione,
326 4389 394 4467 quod
416 4382 645 4466 refraenabat,
674 4399 704 4448 ut
724 4393 752 4450 ia
773 4410 823 4467 quo
850 4391 923 4448 nulla
943 4388 986 4450 bic
1006 4395 1042 4448 sit
1064 4389 1205 4467 emphasis.

81 4469 119 4530 At
139 4492 198 4530 esse
219 4481 318 4550 potest,
345 4481 370 4534 si
390 4479 458 4533 inter
478 4495 508 4533 se
529 4482 691 4552 opponuntur
711 4473 789 4533 haee:
823 4486 912 4536 muter
934 4495 1015 4552 quom
1029 4480 1134 4550 penita
1156 4487 1203 4548 ert,

82 4561 255 4634 rotiasortent
275 4571 314 4621 εει
333 4562 402 4638 lapi:
424 4580 473 4638 ιρο
493 4564 520 4624 ιε’
536 4565 653 4639 punior,
673 4563 791 4624 rotottar
811 4563 867 4626 lea.
946 4622 948 4628 .
