3028 5136
686 309 790 362 Xl·

153 481 224 574 ἔχει
249 473 320 572 τὴν
343 469 634 573 καταστροφήνῖ
688 474 775 551 Nam
798 477 883 552 illud
906 453 945 550 ut
967 477 1122 552 nec-ucri
1149 475 1258 552 siuile

153 608 187 672 et
220 599 413 672 intestatum
448 603 642 693 praetereo,
679 593 716 668 in
751 595 827 691 ipsa
859 594 1088 670 commissione
1125 603 1256 692 satyros

153 716 252 790 etiarn
277 715 343 788 alio
371 735 466 812 quern
488 712 604 786 nltirno
627 711 703 784 loeo
725 710 820 787 datos
847 738 943 806 esse,
969 735 1068 810 quum
1090 711 1189 788 lodie
1213 735 1256 788 ne

152 831 373 907 Welelnerunn
401 829 531 926 quidem
559 836 672 904 tenere
692 829 880 926 opinionem
902 829 1048 921 eredarn,
1070 854 1167 927 quam
1183 829 1263 904 olim

153 951 188 1023 in
207 950 402 1048 Appendiee
425 945 603 1041 Trilogioo
629 972 662 1044 p.
680 947 768 1020 279.
791 948 943 1046 protulit,
969 957 1098 1043 satyros
1122 947 1263 1044 quodem

154 1076 302 1166 ternpore
343 1075 420 1140 ante
457 1062 646 1161 tragoedias
683 1089 755 1140 esse
790 1067 826 1140 in
857 1065 1020 1139 theutrum
1063 1065 1262 1163 productust

18 1215 19 1218 ¹
155 1186 241 1284 quod
274 1211 347 1259 euru
376 1183 553 1275 statuisse,
585 1183 739 1279 quonium
771 1209 837 1257 non
863 1183 1146 1259 animadvertisset
1175 1181 1264 1280 epod

155 1303 344 1376 Zenolium
366 1301 412 1376 V.
437 1299 502 1374 lo,
533 1299 590 1372 ulri
620 1295 847 1402 προειςᾶγειν
877 1303 1020 1399 legitur,
1054 1300 1264 1376 scribendum

156 1445 229 1494 esse
262 1417 326 1493 duel
353 1424 464 1494 τοῦτο
486 1414 575 1498 τοὺς
606 1410 789 1512 σατύρους
813 1416 970 1513 ὕστερον
996 1415 1119 1501 ἔδοξεν
1140 1419 1265 1503 αὐτοῖς

156 1532 421 1637 προςειςᾶγειν,
462 1535 525 1608 ἵνα
542 1533 544 1543 ’
559 1529 611 1628 μὴ
643 1531 808 1608 δοκῶσιν
844 1533 1163 1610 ἐπιλανθάνεσθαι
1194 1545 1263 1613 τοῦ

157 1654 267 1741 θεοῦ,
292 1655 437 1728 indicaui
465 1654 501 1725 in
533 1675 673 1726 censura
694 1652 765 1726 eius
786 1651 865 1724 libri
890 1652 924 1724 in
956 1651 1083 1726 diurnis
1106 1654 1172 1730 litt.
1196 1654 1266 1730 Li-

157 1772 343 1870 psiensilus
370 1796 400 1846 a.
432 1769 542 1844 1827.
571 1769 687 1844 n.15.
744 1770 852 1862 Quam
881 1792 959 1842 uero
993 1793 1037 1842 ex
1060 1770 1131 1842 illis
1157 1771 1264 1844 tribus
1362 1819 1367 1834 ·

158 1889 278 1963 tabulis
300 1890 486 1987 potabimus
503 1889 604 1962 luisse
621 1885 834 1994 satyricarul.
871 1886 926 1961 De
940 1889 1144 1963 Alcmaeone
1159 1901 1264 1981 certe,

159 2009 215 2105 qui
241 2005 261 2081 ὃ
287 2005 351 2082 duel
379 2001 553 2102 Ψωφῖδος
577 2005 758 2103 inscriptus
785 2005 867 2099 fuit,
896 2006 993 2080 etde
1018 2005 1173 2104 Telepho
1197 2031 1267 2082 nou

159 2124 370 2198 dubitandum
395 2125 474 2222 quin
494 2123 619 2196 fuerint
638 2122 842 2219 tragoediae.
899 2122 1147 2222 Relinquantur
1165 2121 1266 2198 Cres-

159 2267 235 2334 sae,
261 2267 342 2339 quas
363 2243 426 2316 etsi
449 2265 556 2338 neque
576 2235 636 2310 alii
656 2263 722 2311 non
746 2249 906 2336 putarunt
926 2240 1129 2337 tragoediam
1149 2242 1266 2335 luisse,

158 2385 265 2458 neque
291 2384 353 2456 ego
375 2361 411 2434 in
431 2358 585 2452 satyricis
612 2356 832 2429 numerandas
858 2381 999 2448 censeo,
1024 2366 1157 2448 turnen,
1184 2383 1266 2456 quo·

159 2478 249 2550 niem
275 2476 310 2549 id
329 2478 471 2550 fortasse
496 2472 597 2546 alicui
620 2471 754 2568 dulriurn
774 2473 879 2548 uidoii
904 2474 1047 2570 poterit,
1072 2482 1268 2571 praeterea-

161 2620 224 2694 que
252 2595 375 2669 erroris
395 2592 564 2668 cuiusdam
585 2591 757 2689 aperiendi
781 2614 918 2681 caussa,
953 2592 1123 2691 paneade
1147 2593 1191 2668 iis
1215 2593 1267 2670 di..

161 2713 266 2787 cenda
285 2715 442 2786 arbitror.
491 2709 610 2808 Neque
632 2710 739 2802 enirn,
760 2717 798 2786 ut
818 2706 1024 2783 Welekerns
1049 2710 1084 2816 in
1109 2712 1170 2786 ille
1190 2712 1268 2810 Ap·

161 2829 300 2928 pendice
335 2857 368 2928 p.
397 2829 484 2904 291.
516 2828 757 2904 incredibiliter
782 2851 895 2906 errare
925 2827 1085 2921 dixerim,
1126 2829 1156 2902 si
1193 2831 1267 2927 qais

162 2949 306 3021 tabulam
324 2973 407 3044 quae
430 2947 569 3022 acinoro
587 2948 781 3022 teminorum
805 2971 922 3020 nomen
948 2946 1067 3021 lubeat
1089 2947 1267 3044 satyricam

162 3074 256 3162 putet
286 3090 360 3139 esso
390 3066 555 3163 potuisse:
587 3065 622 3136 in
652 3089 716 3162 qne
745 3064 900 3160 opinione
931 3087 971 3137 eo
996 3089 1193 3161 progressus
1216 3074 1268 3139 est

163 3183 390 3274 Welelrerus,
416 3191 452 3256 ut
475 3205 508 3279 p.
529 3181 616 3254 295.
638 3205 680 3253 ne
705 3181 815 3252 virilia
837 3181 966 3278 quidem
993 3183 1127 3254 uomina
1150 3184 1267 3279 plura-

163 3301 207 3372 lis
231 3299 379 3390 nunnoni,
406 3300 517 3395 qualia
538 3295 657 3393 Argiui
679 3297 744 3368 sint
764 3299 991 3391 antoniaci,
1016 3299 1171 3396 imposito
1194 3317 1268 3374 esse

28 3512 32 3520 Ι
165 3415 285 3511 satyris
313 3413 546 3507 contenderet,
579 3414 710 3488 tametsi
738 3414 811 3512 ipse
841 3438 875 3510 p.
900 3416 987 3488 311.
1020 3417 1181 3512 Aeschyli
1212 3418 1267 3490 fa·
1331 3399 1336 3416 ’

165 3534 288 3624 bulanu,
314 3557 396 3630 quae
418 3529 554 3630 Europa
576 3533 645 3604 siue
661 3529 764 3606 Cures
786 3531 874 3604 dicta
896 3532 952 3624 sit,
974 3536 1149 3631 satyricam
1168 3536 1268 3610 luisse

122 3645 126 3652 ’
165 3653 345 3725 arbitratus
367 3657 437 3741 est,
462 3656 609 3746 satyros,
631 3674 672 3722 ne
693 3674 803 3722 secum
825 3675 972 3750 pugnare
1000 3653 1175 3746 videretur,
1203 3655 1269 3727 lin·

168 3797 247 3864 gens
273 3767 377 3843 Cares
401 3793 439 3841 se
461 3767 742 3858 essesirnulosse.
791 3769 879 3842 Nam
903 3773 1001 3844 etiam
1028 3773 1059 3844 si
1087 3780 1268 3846 statuamus

169 3885 301 3960 olorum
333 3887 369 3958 in
411 3886 560 3958 omnibus
596 3885 717 3957 fabulis
749 3888 901 3983 satyricis
934 3915 977 3984 ex
1012 3890 1132 3985 satyris
1165 3890 1268 3964 luisse

170 4005 402 4099 compositum,
435 4001 513 4100 quid
540 4010 679 4097 esthur
706 4027 771 4072 nou
800 4004 977 4100 aliquando
1007 4004 1088 4080 duos
1118 4018 1269 4109 putemus

168 4107 374 4194 introductos
409 4121 483 4193 esse
512 4118 653 4210 oloros,
686 4141 785 4214 quum
818 4119 852 4192 id
884 4122 920 4192 in
951 4124 1123 4218 tragoedia
1153 4126 1270 4200 lecerit

168 4239 373 4335 Aeschylus,
397 4231 638 4334 προπομποὺς
666 4235 789 4308 addens
820 4237 921 4310 choro
943 4237 1186 4314 Eumenidum?
1214 4254 1271 4316 aut

169 4357 248 4456 qnid
271 4356 381 4452 cogit,
403 4356 431 4428 si
455 4355 509 4428 eui
531 4354 663 4427 fabulae
682 4379 801 4428 nornen
820 4355 960 4428 inditunr
981 4366 1032 4432 est
1053 4361 1179 4432 numeni
1196 4361 1269 4458 plu·
1332 4407 1339 4420 ·

169 4476 273 4569 ralis,
303 4475 373 4548 sive
403 4472 439 4545 id
466 4473 608 4545 virorum
631 4498 691 4547 seu
707 4473 901 4547 seminarum
925 4477 991 4571 sit,
1015 4493 1055 4550 eo
1081 4477 1212 4554 nomine
1232 4486 1270 4552 ut
1359 4511 1364 4518 ·
