2996 5136
630 307 704 382 153

114 486 277 586 πηιλοίλιό
301 519 341 566 τε
368 486 554 593 ζεύγλαισι
577 489 845 590 παρακαθίετο.

114 617 197 690 κοίν’
212 614 309 716 τῷδε
334 610 486 715 μόχθῳ,
519 616 619 690 τοῦτ’
647 616 721 715 ἄρα
748 611 1008 712 σκοπούμενοι,

105 741 274 836 Ἓλληνες
299 737 434 839 ἄνδρες
457 739 634 842 Μενέλεῳ
657 739 877 840 ξυνέμποροι

114 869 324 964 προςῆλθον
350 863 498 953 ἀκταῖς,
534 860 769 966 ναυφθόροις
792 863 1000 962 ἠσθημένοι

116 991 325 1079 πέπλοισιν,
357 988 507 1072 εὐειδεῖς
529 987 613 1088 μίν,
639 989 825 1090 αὐχμηροὶ
851 988 890 1064 ‹l’
914 987 1021 1088 ὁρᾶν.

114 1311 256 1372 Matthiae
278 1309 439 1371 ollendehat
459 1312 488 1370 in
508 1311 672 1392 pleonasmo
694 1309 812 1394 πλότην
825 1307 937 1393 ταρσόν
955 1333 994 1373 τε.
1035 1308 1220 1390 Musgravins

114 1395 287 1455 coniieichat
307 1393 419 1473 ταρσόν
438 1392 462 1454 τ’
484 1394 599 1473 ἐπείρα.
648 1394 697 1456 Ad
724 1395 754 1455 id
779 1416 848 1457 vcro
874 1397 922 1455 uix
951 1395 1038 1456 otium
1061 1405 1124 1455 erat
1145 1405 1222 1454 stre·

114 1498 170 1538 nne
184 1481 322 1558 imperata
338 1478 500 1557 agentibus,
524 1497 676 1560 parumque
699 1481 847 1540 exercitati
869 1480 992 1538 luissent
1009 1479 1057 1536 isti
1077 1477 1219 1552 homines,

115 1564 140 1621 si
162 1563 199 1621 iis
222 1561 422 1640 experiundum
445 1563 547 1623 luisset
568 1574 684 1622 rectene
704 1572 850 1642 aptassent
871 1581 976 1621 remos.
1020 1557 1085 1638 Ego
1107 1559 1220 1640 quidem

114 1647 186 1705 nihil
208 1643 366 1704 mutandum
387 1643 464 1704 duxi.
509 1644 658 1726 Significat
678 1644 789 1723 quidem
808 1641 919 1726 ταρσός
939 1644 1056 1723 palmam
1078 1645 1166 1715 remi,
1188 1653 1221 1702 ut

114 1728 190 1789 idern
208 1728 246 1788 sit
268 1725 341 1807 qnod
363 1726 471 1808 πλάτη,
495 1727 546 1790 scd
567 1727 672 1788 dicitur
694 1729 780 1790 etiam
800 1727 836 1789 dc
855 1726 955 1789 ordine
971 1745 1122 1789 remorum.
1153 1725 1220 1788 Nec

114 1811 191 1893 χειρὶ
209 1813 381 1892 interpreter
402 1832 506 1886 manu,
536 1809 588 1872 sed
609 1813 724 1884 monui,
748 1824 779 1872 ut
801 1831 894 1873 roanos
916 1831 951 1871 eo
972 1807 1110 1870 modoad
1132 1809 1222 1889 paxil-

114 1897 157 1956 los
187 1896 321 1974 alligasse
350 1893 499 1969 dicantur,
540 1915 595 1975 qun
628 1905 692 1974 apte
726 1894 862 1975 prehendi
892 1893 1054 1973 moverique
1083 1903 1217 1972 possent:

114 1999 197 2059 qnam
223 1997 283 2039 rem
313 1979 437 2059 propriis
466 1978 612 2040 vooahnlis
635 1976 707 2038 dixit
727 1978 895 2060 Aeschylus
923 1980 954 2040 in
975 1976 1074 2038 Persis
1096 1997 1125 2038 v.
1147 1984 1220 2039 376.

115 2062 224 2144 κώπην
252 2068 445 2142 τροποῦσθαι
472 2058 606 2140 σκαλμὸν
634 2059 711 2137 ἄμφ’
733 2060 907 2142 εὐήρετμον.
950 2059 1099 2123 Postrema
1120 2080 1220 2122 versus

114 2145 216 2218 verha,
239 2144 282 2218 είς
298 2145 334 2206 ἓν
348 2137 398 2225 ἦν,
419 2144 569 2227 desperata
587 2165 604 2205 a
622 2146 743 2218 criticis,
765 2145 913 2207 Seidlerus
932 2146 971 2204 ita
982 2141 1152 2222 corrigenda
1169 2164 1222 2223 pu·

115 2228 204 2303 tahar,
229 2225 276 2301 οἷς
298 2228 381 2308 ἐνῆν,
402 2229 544 2310 Hesychii
565 2227 687 2288 afferens
708 2230 910 2300 testimoninm,
934 2227 1017 2304 ἐνῆν,
1038 2227 1143 2308 ἐχρῆν,
1165 2247 1220 2308 quo

116 2314 184 2373 mihi
211 2313 322 2392 quidem
349 2333 406 2373 non
436 2314 506 2372 satis
532 2313 698 2374 communiri
727 2312 798 2372 haec
827 2309 907 2371 vechi
937 2319 1062 2391 potestas
1093 2310 1217 2370 videtur.

114 2393 161 2456 Eo
183 2397 272 2476 magis
294 2405 385 2456 eutem
408 2393 604 2455 abstinendum
624 2413 641 2453 a
661 2396 814 2455 mutatione
836 2395 953 2466 censui,
975 2391 1068 2472 quod,
1091 2394 1147 2452 nisi
1168 2393 1221 2452 ial-

115 2479 170 2551 lor,
193 2491 273 2540 recte
296 2498 329 2539 so
349 2477 433 2539 hahet
454 2479 588 2540 lihrornm
612 2479 761 2558 scriptura.
806 2476 924 2540 Dixerat
944 2475 1064 2536 nuncius
1080 2474 1146 2554 quid
1159 2475 1217 2548 hic,

115 2561 181 2644 quid
204 2564 252 2623 ille
273 2563 411 2623 lecissets
442 2581 516 2623 nunc
538 2568 642 2621 nnuma
664 2560 844 2624 describendi
867 2561 977 2620 ratione
1000 2577 1047 2617 res
1070 2568 1218 2632 memorat,

115 2646 182 2726 quid
202 2647 237 2706 iis
262 2645 365 2706 iactum
390 2647 427 2706 sit
448 2646 566 2717 dicens,
587 2645 666 2718 vela,
695 2644 897 2724 guhernaeula.
942 2639 1065 2703 Accedit
1085 2640 1159 2722 quod
1179 2643 1222 2715 εἰς

112 2731 148 2792 ἓν
169 2728 317 2790 familiaris
340 2727 474 2810 Euripidi
495 2729 599 2789 locutio
621 2740 682 2800 est,
711 2749 765 2809 qua
786 2739 815 2789 et
837 2747 922 2807 supra
943 2744 1012 2786 usus
1033 2735 1077 2784 cst
1099 2747 1127 2787 v.
1141 2728 1218 2789 759.

115 2825 145 2874 et
174 2813 274 2874 (locst.
300 2820 393 2875 1640.
421 2813 533 2873 Phocn.
558 2814 631 2875 465.
659 2811 800 2873 Androna.
825 2821 918 2875 1173.
947 2811 1009 2891 lph.
1029 2809 1098 2868 Aul.
1123 2813 1217 2873 1127.

114 2897 177 2979 lph.
201 2897 288 2958 Taur.
309 2905 402 2962 1016.
435 2893 542 2958 Troad.
560 2900 653 2959 1166.
684 2896 802 2956 Heracl.
820 2904 894 2961 404.
923 2896 986 2956 Ion.
1005 2902 1097 2956 1016.
1124 2895 1217 2956 Ηοτα.

115 2984 170 3041 lor.
186 2985 260 3043 489.
284 2979 421 3042 Archelai
439 2982 477 3041 lr.
496 2989 549 3052 20,
567 2979 638 3060 (14)
650 2989 681 3040 2.
725 2979 793 3039 Νοσ
815 2993 860 3042 est
880 2991 974 3042 autem
995 2976 1031 3037 dc
1051 2977 1221 3038 consuendis

114 3065 204 3136 velis,
242 3063 316 3144 quod
339 3064 436 3125 nescio
461 3084 515 3144 quo
542 3075 625 3143 pacto
646 3063 830 3144 Musgravius
860 3066 923 3126 istis
944 3061 1040 3124 verbis
1063 3061 1219 3141 significari

114 3147 242 3229 putabat,
266 3167 379 3220 sermo,
402 3146 453 3207 sed
474 3144 657 3206 referendum
678 3145 769 3209 λενιιόι
789 3146 822 3209 θ’
846 3145 913 3210 ἱστί’
933 3147 976 3218 εἰς
994 3146 1030 3205 ‘dv
1050 3137 1090 3222 ἦν
1111 3145 1147 3205 ad
1170 3165 1217 3217 ea,

115 3251 186 3311 quae
205 3230 287 3290 modo
309 3229 345 3292 de
366 3231 451 3290 remis
474 3229 650 3291 dicebantur.
693 3231 797 3302 ΑΙίαε,
821 3232 921 3310 inquit,
945 3247 1037 3289 remos
1054 3231 1217 3306 remtgtitm·

114 3335 167 3394 quc
182 3313 373 3376 αοπειιῖαεόσλ
385 3316 493 3385 παπαί,
516 3316 545 3372 in
558 3333 698 3392 unumque
715 3315 865 3376 contionata
886 3334 948 3374 σιιοι.
966 3313 1012 3370 Ιιίε
1027 3314 1090 3372 uelc
1108 3321 1209 3372 ενσπιι

114 3400 135 3460 i.
152 3417 180 3458 e.
206 3396 271 3456 dum
292 3398 342 3458 alii
363 3415 458 3457 rennos
481 3396 628 3476 aptabant,
659 3394 734 3456 idenn
757 3397 843 3458 fiebat
862 3397 944 3458 velis.

199 3524 291 3584 1555.
335 3519 412 3602 Apte
435 3519 607 3600 comparavit
626 3518 811 3600 Musgravius
833 3521 944 3602 Orphei
968 3521 1128 3602 Argonaut
1144 3527 1218 3586 277.

620 3627 671 3690 laet
694 3626 719 3690 δ’
742 3622 806 3692 αὖτ’
827 3630 934 3707 elusor
955 3630 1075 3704 ἔδησαν,

245 3709 425 3793 πρυμνόθεν
447 3706 642 3791 όρτήσαντες,
662 3711 878 3796 ἐπεσφίγξαντο
899 3711 924 3776 d'
947 3714 1094 3794 ipsiorum.

113 3830 141 3879 et
161 3817 231 3878 Act.
257 3819 388 3900 Apostol.
413 3817 544 3880 XXVll.
568 3827 620 3882 40.
652 3818 701 3880 uhi
732 3820 780 3901 qui
807 3822 967 3900 navigaturi
990 3831 1071 3893 sunt,
1102 3818 1220 3878 suhlatis

114 3903 227 3962 ancoris
250 3900 313 3984 ἅμα
333 3902 453 3976 α’νίντες
473 3897 528 3976 τός
548 3905 720 3986 ζευκτηρίας
740 3907 802 3966 τοῖν
823 3906 978 3983 πηδαλίων
1005 3904 1068 3964 vela
1090 3901 1158 3961 dare
1179 3899 1222 3959 di·

113 3995 224 4047 cuntur.

199 4111 292 4172 1558.
336 4106 414 4190 Edd.
440 4120 510 4170 velt.
541 4108 719 4192 ναυφόροις.
758 4111 838 4171 Flor.
865 4122 893 4173 1.
916 4119 947 4171 2.
977 4108 1058 4170 Vico.
1081 4100 1221 4184 ναυφθό·

114 4215 195 4270 ροις,
221 4195 261 4252 uti
284 4192 451 4264 Brodaeus,
476 4190 634 4272 Cauterus,
656 4197 787 4274 Scaliger
807 4201 1003 4254 correxerant.
1047 4190 1218 4263 Porsoouru,

114 4275 161 4355 qni
183 4285 258 4336 teste
272 4273 450 4336 Blomlieldio
472 4277 502 4336 in
524 4278 664 4356 glossario
677 4279 832 4339 Persarum
854 4275 891 4337 ad
910 4299 939 4337 v.
958 4282 1029 4338 187.
1053 4293 1106 4353 pro
1121 4269 1220 4352 ἠσθη-

113 4359 199 4434 μένοι
220 4359 364 4419 scrihehet
383 4355 567 4438 ἠσκημένοι,
595 4363 730 4422 refutavit
747 4358 906 4434 Matthiae,
938 4358 1022 4422 ἐσθεῖ
1042 4357 1158 4418 verbum
1184 4376 1221 4417 ex

111 4440 210 4524 lltym.
241 4439 288 4504 M.
316 4463 345 4523 ρ.
371 4451 446 4514 382,
469 4447 521 4506 62.
550 4443 691 4516 allcrcns,
729 4447 808 4526 quasi
836 4466 893 4506 noo
923 4441 1088 4506 Herodotus
1116 4441 1221 4522 aliique

112 4527 274 4608 complures
294 4523 471 4608 ησθημόνος
492 4525 643 4588 dixissent.
