3026 5134
602 273 760 371 'ra

166 496 268 572 ὅθεν
293 522 355 572 νιν
376 491 501 578 Ἑλλὰς
527 491 722 592 ὠνόμαζεν
751 493 945 574 Ολιῖίπουν.

164 618 356 720 Πολύβου
381 619 426 696 dc'
448 648 511 697 νιν
536 617 714 722 λαβόντες
737 619 1003 720 ἱπποβουκόλοι

165 746 328 844 φέρουσ’
358 748 395 830 ἐς
420 751 543 831 οἴκους
568 752 619 831 εῖς
642 776 681 823 τε
707 745 902 845 δεσποίνης
923 749 1035 847 χέρας

163 873 324 969 ἔθηκαν.
349 871 372 968 ἢ
399 870 440 947 δὲ
464 871 534 950 τὸν
558 871 650 970 ἐμὸν
674 871 826 950 ὠδίνων
850 871 968 950 πόνον
1041 879 1044 888 ’

162 1003 325 1095 μαστοῖς
348 996 479 1096 ὑφεῖτο
504 998 567 1074 καὶ
591 995 702 1078 πόσιν
727 997 848 1074 πείθει
872 1003 1000 1075 τεκεῖν.

162 1124 239 1222 ἤδη
265 1123 307 1200 δὲ
331 1128 491 1223 πυρσαῖς
514 1123 667 1225 γένυσιν
691 1120 984 1223 ἐξανδρούμενος

165 1255 256 1333 παῖς
282 1248 398 1345 ὃύμός
421 1246 445 1345 ἢ
469 1247 583 1351 γνοὺς
608 1250 632 1346 ἤ
657 1277 758 1332 τινος
782 1247 925 1344 μαθεῖν
949 1245 1052 1347 πύρα

162 1376 313 1471 ἔστειχε,
338 1375 426 1459 τοὺς
450 1371 645 1474 φύσαντας
670 1377 852 1470 ἐκμαθεῖν
877 1374 1014 1464 θέλων,

162 1500 258 1598 πρὸς
281 1500 393 1597 θῶμα
420 1500 583 1598 Φοῖβον,
607 1496 728 1583 Λόϊός
752 1501 796 1572 θ’
827 1498 943 1594 ὅύμὸς
967 1496 1086 1589 πόσις,
1228 1576 1230 1580 ,
1285 1519 1328 1584 85

159 1625 232 1702 τὸν
256 1627 454 1702 ἐκτεθέντα
479 1625 598 1704 uuida
622 1621 825 1723 μαστεύων
848 1627 1004 1721 μαθεῖν,

158 1866 247 1943 dipus,
268 1885 377 1943 quaer.
399 1863 451 1925 62.
469 1859 656 1944 χρυσήλατον
678 1855 795 1946 πόρπαι
816 1871 950 1925 vocantur.
982 1863 1093 1924 Secutus
1116 1865 1282 1927 scholiastarn

159 1966 204 2008 est
223 1950 427 2028 Eustathius‘p.
449 1947 522 2022 650,
543 1948 595 2008 48.
1317 1967 1321 1974 ·

246 2035 296 2096 27.
317 2035 423 2092 Primus
444 2033 488 2092 hic
512 2039 540 2092 in
561 2034 715 2093 Phoenissis
736 2053 828 2094 versus
850 2042 899 2104 est,
920 2053 996 2110 quem
1016 2033 1207 2096 Valckenarius
1228 2057 1275 2114 pro

157 2123 249 2196 spurio
270 2119 369 2178 habuit.
411 2120 479 2178 Eum
500 2139 604 2178 versum
625 2124 691 2178 satis
713 2118 861 2176 defendisse
881 2119 983 2178 uidetur
1003 2121 1148 2179 Porsonus.

244 2200 296 2264 31.
316 2205 406 2262 Firma
428 2212 481 2262 stat
500 2206 622 2261 librorum
645 2207 772 2280 scriptura
791 2208 894 2263 τεκεῖν.
943 2203 979 2262 nt
1000 2203 1156 2263 scholiastae
1177 2206 1279 2281 quidem

155 2293 187 2347 iu
219 2309 249 2346 eo
277 2291 439 2360 laborarunt,
468 2297 496 2346 ut
524 2288 701 2357 ostenderent,
733 2309 778 2345 cur
797 2308 905 2364 puerum
927 2287 1021 2364 pedum
1041 2293 1105 2346 vitio
1127 2289 1278 2368 deformem,
1326 2327 1331 2338 .

155 2394 234 2450 quem
257 2378 350 2451 exponi
372 2377 521 2452 oportuerit,
541 2393 588 2449 pro
611 2392 659 2429 suo
682 2371 790 2429 educare
812 2371 976 2430 constituerit
997 2372 1114 2450 Merope.
1138 2373 1169 2432 0.
1179 2375 1213 2433 F.
1223 2375 1278 2433 Na·

154 2461 226 2538 gello
254 2462 281 2516 in
308 2457 384 2516 Actis
412 2459 471 2516 Soc.
494 2457 569 2516 Trai.
596 2457 643 2515 IV.
665 2478 691 2534 p.
714 2453 786 2515 296.
809 2456 971 2514 scribendum
992 2455 1127 2515 uidebatur
1147 2453 1276 2538 τρέφειν,

158 2547 221 2619 quie
243 2563 295 2602 nou
316 2547 425 2600 silveri
448 2543 543 2619 simile,
571 2560 692 2598 narrasse
714 2541 840 2618 Meropen
868 2545 959 2598 marito
980 2561 1089 2618 puerum
1109 2562 1169 2617 cum
1191 2543 1275 2620 perfo-

152 2634 221 2686 ratis
248 2627 355 2703 pedibus
383 2629 414 2684 ab
441 2647 470 2684 se
490 2630 525 2686 in
552 2627 635 2683 lucem
663 2645 721 2682 esse
742 2624 852 2698 editum3
880 2633 935 2684 tum
958 2629 1034 2683 etiam
1057 2631 1117 2702 quio
1138 2645 1221 2703 neque
1242 2648 1276 2686 ex

153 2711 293 2788 Sophoclis
315 2711 414 2788 Oedipo
435 2733 497 2790 rege
518 2731 600 2787 neque
623 2731 655 2768 ex
666 2710 821 2768 Phoenissis
843 2717 975 2788 appareat,
996 2715 1132 2790 ignorasse
1148 2712 1274 2787 Polybum

152 2817 207 2854 non
234 2817 266 2854 ex
292 2816 320 2853 se
348 2804 437 2853 uatum
459 2817 518 2853 esse
540 2795 674 2872 Oedipum.
717 2795 754 2854 At
776 2793 843 2872 apud
865 2797 1016 2874 Sophoclem
1039 2817 1064 2854 v.
1088 2791 1158 2854 783.
1181 2801 1217 2854 ita
1238 2799 1275 2855 lo·

153 2883 241 2956 quitur
268 2881 394 2958 Oedipus,
422 2889 451 2938 ut
479 2881 596 2937 videatur
621 2884 758 2959 ignorasse
789 2879 912 2952 Polybus.
956 2879 1095 2957 Euripides
1122 2901 1183 2939 uero
1212 2887 1274 2958 quin

152 2967 247 3023 τεκεῖν
269 2969 406 3042 scripsisse
430 2965 549 3022 credatur
570 2964 634 3022 nihil
656 2965 770 3042 impedit,
792 2986 868 3040 quum
892 2969 968 3042 etiam
991 2971 1017 3023 iu
1041 2985 1071 3023 eo
1093 2968 1124 3023 ah
1146 2965 1273 3044 Sophocle

153 3049 314 3126 discesserit,
340 3047 408 3126 quod
437 3049 535 3126 Oedipo
562 3067 715 3125 persuasum
744 3068 803 3105 esse
831 3051 892 3106 fecit
913 3071 964 3106 non
988 3069 1046 3106 esse
1069 3068 1097 3106 se
1119 3070 1152 3109 ex
1172 3051 1271 3124 Polybo

152 3141 179 3203 et
206 3133 313 3210 Merope
340 3142 438 3193 natum.
488 3131 612 3206 Alioquin
639 3135 706 3188 euim
741 3152 791 3188 non
826 3134 931 3189 fecisset
959 3152 1016 3190 euru
1043 3141 1145 3210 accepto
1168 3139 1272 3193 oraculo

152 3217 306 3278 Corinthum
332 3218 416 3276 redire
443 3224 469 3274 et
495 3216 593 3286 Polybo
615 3234 717 3272 currum
737 3213 799 3270 Laii
819 3235 866 3291 pro
889 3214 1040 3273 educatione
1061 3216 1165 3276 donare.
1207 3219 1270 3277 Non

152 3305 303 3361 contendam
333 3311 417 3360 tamen
444 3297 563 3380 τρέφειν
592 3302 669 3356 scribi
695 3320 747 3356 non
773 3303 906 3377 potuisse,
934 3299 981 3360 sed
1006 3299 1071 3358 illud
1100 3304 1188 3380 rniror,
1216 3323 1269 3374 cur,

151 3392 195 3464 qui
216 3391 243 3444 iu
265 3388 392 3445 hocloco
413 3385 588 3456 haesitarunt,
616 3405 668 3441 nou
690 3387 876 3460 quaesiverint,
898 3384 1025 3460 quomodo
1043 3405 1180 3444 mammam
1196 3409 1269 3466 prae·

150 3474 209 3530 bere
231 3473 339 3549 Merope
361 3470 459 3547 Oedipo
480 3473 601 3546 potuerit,
623 3473 721 3544 sinon
741 3473 891 3547 peperisset.
924 3471 999 3528 Patet
1019 3489 1081 3528 vero
1103 3471 1171 3530 hanc
1192 3491 1267 3548 quae·

150 3561 267 3622 stioueru
288 3559 414 3632 relinqui,
443 3558 498 3611 sire
515 3559 609 3612 τεκεῖν
631 3559 685 3612 sive
707 3549 828 3635 τρέφειν
848 3554 958 3632 legatur.
1001 3556 1102 3632 Itaque,
1124 3562 1176 3615 nisi
1198 3562 1267 3616 iuco-

148 3645 260 3720 gitauter
280 3640 419 3717 Euripides
440 3644 571 3716 μαστοῖς
591 3631 698 3719 ὑφεῖτο
722 3644 834 3716 scripsit,
856 3647 901 3696 aut
923 3641 1062 3697 simulasse
1085 3640 1209 3719 Meropen
1232 3645 1266 3700 si·
1344 3638 1349 3648 ⁸

149 3725 282 3800 gnificavit
303 3745 332 3782 se
354 3727 419 3784 lacte
449 3745 497 3782 suo
523 3744 631 3802 puerum
658 3728 770 3792 nutrire,
792 3731 838 3780 aut
857 3728 988 3799 peperisse
1009 3723 1123 3801 quidem,
1145 3725 1264 3782 sednon

48 3821 51 3827 ·
149 3811 289 3866 masculam
311 3812 417 3884 prolem.
461 3809 590 3888 Nagelius
613 3810 764 3866 conficiebat
783 3826 890 3882 puerum
913 3827 968 3864 earu
989 3811 1132 3883 peperisse,
1151 3827 1200 3884 quo
1213 3815 1264 3865 sta·

150 3893 197 3946 tim
218 3900 278 3966 post
297 3900 398 3967 partum
420 3892 540 3951 defuncto
564 3893 671 3963 allatum
694 3895 718 3947 ei
740 3911 756 3947 a
777 3892 924 3966 pastoribus
947 3908 1005 3948 esse
1029 3889 1165 3966 Oedipum.
1187 3891 1264 3949 Certe

147 3971 217 4030 huuc
236 3972 335 4044 Polybo
357 3981 506 4052 supposuit,
527 3984 557 4033 ut
578 3973 753 4051 Apollodorus
777 3992 877 4049 quoque
898 3974 985 4032 refert.
1007 3973 1076 4032 Vide
1086 3973 1262 4034 Fritzscbium

147 4055 181 4116 ed
200 4055 337 4133 Aristoph.
357 4059 466 4116 Thesm.
485 4080 512 4136 p.
535 4057 607 4116 149.

186 4179 191 4186 ·
232 4140 282 4202 34.
305 4141 396 4198 Strabo
418 4141 493 4198 XVI.
516 4139 626 4219 11:762.
638 4141 680 4215 qui
692 4137 816 4194 nonnulla
838 4157 870 4196 ex
890 4137 940 4196 hoc
961 4142 1017 4198 loco
1034 4135 1262 4219 attereretur-

145 4217 255 4297 κόνεας
265 4224 353 4302 habet,
365 4223 434 4300 quod
445 4229 562 4302 argutius
574 4224 758 4300 praeferentem
769 4221 970 4281 Valckenarium
983 4227 1105 4284 rebitavit
1114 4226 1259 4287 Porsonus.

230 4307 281 4371 36.
302 4307 410 4387 Aliquot
431 4308 505 4368 codd.
527 4305 601 4368 ἰδεῖν
625 4327 671 4385 pro
692 4305 816 4381 μαθεῖν.
836 4304 890 4364 -ld
911 4327 989 4384 quum
1011 4310 1148 4382 Matthiae,
1168 4333 1201 4370 ne
1222 4312 1261 4371 to·

143 4402 193 4456 ties
213 4403 355 4455 recurreret
375 4393 499 4471 μαθεῖν,
521 4395 552 4452 ab
573 4395 658 4468 aliquo
680 4393 804 4466 scriptum
823 4395 933 4469 putarit,
962 4397 1004 4452 cui
1025 4393 1176 4480 fdsfridem
1190 4397 1259 4475 quod

143 4477 252 4540 efdfrot
274 4501 334 4539 esse
354 4479 497 4550 uideretur,
518 4481 633 4557 iniquius
656 4475 687 4534 de
709 4478 760 4532 isto
787 4475 892 4536 homine
913 4476 1044 4540 iudicavit.
1086 4482 1167 4542 Recte
1188 4487 1256 4541 enirn

142 4565 239 4624 dictum
261 4575 302 4624 est
323 4561 406 4642 ῖόεῖν,
435 4569 513 4623 utin
534 4561 671 4640 Sophoclis
692 4560 773 4618 Aiace
793 4579 819 4622 r.
841 4559 871 4622 6.
899 4553 980 4635 ὅπως
999 4559 1070 4646 ῖόῃς
1089 4559 1144 4626 ef‘r'
1169 4560 1256 4626 ῖνόον
1307 4612 1308 4616 ,
