3032 5132
663 299 734 373 ror
755 253 758 264 ’

140 486 252 585 λόχον
278 497 479 566 πυκναῖσιν
504 493 656 570 ἀσπίσιν
682 495 884 597 πεφρικότα
960 575 963 582 ⁴

140 616 160 690 ὃ
185 624 249 713 τῆς
273 625 442 718 κυναγοῦ
470 623 760 715 Παρθενοπαῖος
785 625 952 727 ἔκγονος,

22 813 26 819 .
137 742 283 838 ἐπίσημ’
314 743 411 838 ἔχων
436 749 569 820 ornator
594 749 635 820 ἒν
660 747 761 846 με’σηι
788 747 903 840 σάκει,

77 921 79 927 ,
137 864 328 974 ἑκηβόλοις
349 865 510 953 τόξοισιν
528 870 756 970 Ἀταλάντην
780 872 925 974 κάπρον

71 1053 74 1058 .
133 994 378 1093 χειρουμένην
403 992 583 1072 Αἰτωλόν.
610 1004 660 1082 sig
685 998 934 1098 δδΠροιτίδας

136 1117 253 1204 πύλας
278 1117 404 1219 ἐχώρει
431 1118 686 1223 σφάγι’.ἐχαιν
711 1126 770 1222 ἐφ’
802 1126 938 1225 ἅρματι

137 1245 157 1319 ὃ
182 1244 315 1342 μάντις
333 1242 574 1346 Ἀμφιάραος,
602 1250 647 1325 οὐ
672 1251 790 1348 σημεΐ
820 1253 917 1348 ἔχων

133 1495 437 1504 m...-

133 1673 176 1711 ces
197 1653 341 1732 Νηῖστῶν
362 1662 558 1732 corruptumque
579 1675 612 1714 ex
633 1675 663 1714 eo
685 1656 824 1733 Νηῖετῶν
850 1660 979 1733 praebent,
1001 1658 1165 1733 eamdemque
1187 1667 1248 1719 scri·

131 1747 232 1816 pturam
260 1739 327 1815 apud
349 1739 459 1798 Statium
488 1759 588 1817 quoque
609 1741 693 1800 Theb.
715 1741 789 1800 Vlll.
813 1739 883 1799 343.
905 1745 931 1798 in
954 1741 1054 1800 duobus
1076 1759 1135 1798 esre
1156 1744 1249 1801 codici·

130 1825 180 1880 bus
206 1829 346 1883 inventam.
396 1821 565 1888 Quinimmo
588 1825 656 1902 quod
676 1829 705 1883 in
725 1830 776 1884 isto
799 1826 876 1884 Statii
897 1827 954 1883 loco
977 1827 1098 1904 vulgares
1121 1825 1247 1884 editiones

129 1907 224 1966 lrabent
250 1913 329 1970 Neite
352 1910 422 1967 -nihil
449 1917 490 1967 est
517 1914 569 1967 nisi
597 1910 740 1968 emendatio
762 1915 811 1968 viri
833 1911 901 1968 docti
923 1913 993 1968 iacta
1013 1913 1123 1986 primum
1146 1913 1172 1966 in
1195 1911 1248 1968 odi·

130 1993 200 2050 tione
220 1992 318 2053 Aldina
346 2013 371 2051 a.
402 1989 493 2072 1519.
515 1995 582 2070 quod
604 2015 637 2052 ex
659 1993 759 2054 adiecta
779 1997 989 2072 interpretatione
1011 1995 1170 2051 Graecorum
1192 2015 1247 2052 ver·

113 2081 219 2134 lrorum
240 2079 414 2156 cognoscitur.
456 2077 646 2155 Nam-praeter
673 2079 739 2138 duos
760 2082 821 2137 olim
843 2081 952 2138 collatos
973 2077 1074 2135 codices
1095 2081 1172 2135 etiarn
1195 2078 1246 2136 duo

130 2162 231 2220 codices
253 2163 420 2220 bibliothecae
440 2168 526 2241 regiae
553 2164 712 2222 Dresdensis
733 2167 826 2224 Neiste
846 2162 949 2232 liabent,
971 2183 1004 2232 err
1025 2165 1138 2238 antiquis
1159 2171 1245 2220 entem

127 2251 263 2322 impressis
283 2249 365 2316 libris,
387 2265 452 2322 quos
472 2251 599 2324 inspicere
620 2252 700 2324 potui,
720 2247 847 2306 editiones
868 2249 982 2306 Venetae
1000 2267 1026 2305 a.
1039 2243 1130 2304 1483.
1150 2244 1242 2306 1494.

128 2333 261 2405 Neystue,
283 2331 379 2390 Aldina
401 2338 532 2389 autema.
557 2328 648 2390 1502.
671 2333 790 2410 Nciccc,
820 2331 888 2407 quod
909 2351 943 2388 ex
964 2331 1014 2390 hac
1033 2334 1061 2388 in
1082 2329 1242 2407 Lugdunen-

128 2435 182 2474 sem
205 2435 229 2476 a.
243 2412 335 2476 1596.
355 2424 524 2492 propagatum
546 2423 593 2485 est,
615 2417 748 2492 praebent,
771 2415 830 2473 dum
853 2437 887 2473 ex
906 2415 1004 2472 Aldina
1025 2435 1048 2471 a.
1062 2409 1154 2472 1519.
1175 2417 1240 2475 Nei-

127 2511 172 2558 tee
198 2505 224 2558 irr
251 2499 464 2577 Antwerpierrses
486 2521 509 2557 a.
534 2495 625 2559 1595.
648 2498 740 2559 1607.
762 2507 790 2558 et
808 2503 965 2558 recentiores
985 2501 1098 2556 manriit.
1141 2496 1240 2557 Statius

126 2589 207 2661 igitur
227 2576 314 2661 aperte
333 2586 443 2644 Neistae
464 2591 584 2644 testatur.
626 2583 707 2642 Aliud
728 2592 917 2662 argumentum,
938 2587 980 2640 cui
1000 2584 1139 2660 plurimum
1154 2583 1243 2640 tribuit

126 2669 257 2747 Ungerus,
287 2689 340 2728 non
367 2673 433 2728 satis
459 2670 561 2728 firmum
583 2676 633 2747 est,
654 2668 782 2741 Hesychii
803 2670 903 2748 glossa,
925 2687 991 2744 quae
1013 2666 1045 2724 ad
1066 2666 1135 2724 hunc
1154 2669 1241 2742 ipsum
1358 2683 1361 2689 ¹

125 2753 258 2830 Euripidis
279 2773 381 2812 versum
400 2762 511 2832 spectat:
534 2752 639 2832 Nrpicr,
661 2745 949 2824 autenticarum
970 2743 1105 2829 πρώταις
1126 2748 1176 2809 καὶ
1192 2769 1243 2808 τε·

125 2835 287 2910 λεοταίαις.
328 2840 397 2898 Narn
420 2839 502 2898 codex
520 2843 588 2898 iuter
608 2839 718 2920 Νηίθῃ
740 2847 766 2897 et
787 2832 870 2916 νήϊον
890 2838 968 2895 habet
988 2828 1071 2914 Νη”ι“ι’,
1092 2839 1161 2906 ταῖς
1181 2826 1241 2893 τιά-

124 2925 200 2996 λαις,
223 2931 252 2981 ut
272 2920 433 2995 Hesychium
457 2933 578 3000 appareat
598 2925 667 3000 apud
687 2924 836 3000 Euripidem
858 2931 905 2981 aut
923 2920 1056 2999 Νηίταις
1078 2928 1123 3007 aut
1143 2919 1239 2997 Νηίτ-

124 3027 191 3076 τιιις
219 3013 342 3082 scriptum
370 3011 509 3064 invenisse.
561 3008 592 3064 ld
620 3017 705 3066 autern
732 3011 776 3066 ille
803 3013 985 3083 interpretatus
1012 3012 1068 3064 erat
1092 3025 1145 3063 non
1171 3008 1239 3076 ταῖς
1315 3075 1317 3078 ¹

125 3083 259 3167 πρώταις
287 3088 336 3146 καὶ
357 3085 557 3160 τελευταίοις,
585 3092 632 3147 sed
658 3097 726 3158 ταῖς
752 3085 940 3160 κατωτάταις
967 3088 1018 3148 καλ
1045 3085 1237 3159 τελεαταίαις,

125 3178 201 3232 sicuti
228 3173 313 3248 paullo
341 3176 450 3230 inferius
479 3164 632 3247 νήϊστα,
654 3165 826 3244 κατώτατα,
849 3169 974 3247 ἔσχατα,
997 3183 1022 3228 et
1043 3191 1124 3246 supra
1144 3165 1237 3229 rercr'·

124 3277 189 3336 τη,
217 3247 392 3334 κατωτάτη,
421 3247 544 3331 ἐσχάτη.
586 3252 628 3310 Ab
655 3259 708 3311 situ
736 3259 813 3312 etiarn
835 3256 925 3332 po'rtae
946 3257 991 3310 isti
1013 3272 1106 3310 nomeu
1127 3254 1237 3312 inditum

1220 3332 1236 3358 Ἁ

124 3363 182 3401 esse
209 3361 270 3400 vera
300 3342 476 3398 interioritas
506 3341 577 3396 fama
601 3338 715 3415 prodidit
740 3339 807 3415 apud
836 3338 1003 3395 scholiastarn
1037 3337 1183 3413 Euripidis:
1216 3359 1237 3416 η

121 3423 183 3487 alred
210 3423 329 3503 Νηίδος
354 3426 410 3501 τῆς
432 3420 610 3502 Ἀμφίονος
636 3421 686 3482 καί
708 3419 842 3501 Νιόβης,
864 3417 883 3500 ἢ
906 3420 966 3482 ἐπεὶ
990 3415 1094 3481 νίαταί
1113 3420 1196 3482 εἰσιν.
1219 3417 1236 3482 δ

123 3509 157 3572 δὲ
180 3502 353 3591 Φερεκύδης
374 3505 435 3569 ἀπὸ
456 3505 575 3586 Νηίδος
595 3507 651 3586 τῆς
671 3501 782 3586 Ζήθου
803 3499 969 3588 θυγατρός.
1002 3507 1104 3565 Similia
1128 3507 1236 3566 tradidit
1342 3585 1343 3590 η

122 3601 266 3656 Pausanias
293 3597 343 3653 lX.
364 3593 393 3666 8,
414 3593 444 3654 4.
466 3592 497 3653 ἐν
522 3598 590 3664 ταῖς
614 3592 742 3673 χορδαῖς
768 3586 862 3673 νήτην
888 3592 1033 3652 καλοῦσιν
1058 3589 1090 3662 ἐξ
1117 3587 1234 3651 αὐτῶν·

121 3674 237 3758 ταύτην
257 3668 312 3739 οὖν
332 3674 387 3758 τὴν
405 3675 521 3760 χορδὴν
538 3673 704 3760 Ἀμφίονα
725 3677 771 3740 inl
793 3684 862 3748 ταῖς
883 3669 993 3747 πάλαις
1008 3669 1234 3746 ταόταιςάνεο·

122 3770 184 3843 ρεῖν
212 3761 359 3846 λίχοοσιν.
387 3759 446 3842 η’δη
474 3759 508 3823 δι’
534 3757 651 3841 ἤκουσα
674 3762 724 3822 καὶ
747 3755 788 3835 ὡς
809 3757 921 3840 Zp'tiov
942 3762 997 3820 τοῦ
1020 3755 1157 3839 ἀδελφοῦ
1178 3761 1235 3818 τοῦ

115 3845 279 3930 Ἀμφίονος
298 3852 344 3932 τῷ
371 3847 458 3908 παιδί
487 3841 585 3921 δνομα
614 3850 692 3926 Νῆϊς
718 3843 844 3925 γίνοιτο,
885 3839 947 3902 ἀπὸ
975 3837 1087 3902 τούτου
1116 3839 1150 3901 δὲ
1178 3844 1234 3902 sori

121 3928 237 4012 Νήϊδος
263 3930 319 4004 τὰς
344 3927 443 4004 πάλας
468 3934 620 4009 κληθῆναι
647 3926 769 4000 ταδτας.
817 3928 912 4000 ltylum
935 3935 960 3983 et
979 3927 1090 3984 Neidem
1113 3947 1128 3982 a
1150 3926 1233 3984 Zetlro

121 4027 147 4077 et
166 4017 273 4091 Aedone
292 4029 440 4096 procreatos
460 4024 586 4074 memorat
604 4020 681 4073 etiam
702 4014 856 4071 scholiastes
876 4010 1029 4070 Horrr'eriad
1049 4009 1145 4081 Odyss.
1155 4009 1233 4068 XIX.

120 4100 193 4163 518.
216 4103 260 4160 Ex
275 4103 318 4160 his
334 4104 506 4177 consequitur,
522 4119 611 4157 verum
628 4106 715 4175 portae
729 4102 808 4155 istius
819 4115 912 4154 nomen
930 4113 989 4152 esse
1003 4093 1148 4171 Νηίστας,
1160 4105 1197 4164 ut,
1209 4101 1232 4152 si

120 4187 257 4267 quidquam
275 4187 310 4244 sit
327 4205 376 4263 quo
393 4189 451 4259 quis
470 4181 590 4258 Νη“ίτας
605 4186 690 4258 possit
706 4180 851 4250 defendere,
867 4179 1032 4237 statuendum
1046 4183 1082 4236 eit
1100 4186 1231 4258 acceptum

119 4274 146 4332 id
164 4291 223 4330 csse
240 4293 255 4330 a
272 4273 356 4350 poetis
371 4269 483 4341 cyclicis,
500 4270 543 4342 qui
559 4285 623 4343 quas
634 4267 727 4324 Boeoti
738 4265 876 4342 Νηίττας
891 4265 1024 4332 vocabant,
1043 4282 1120 4339 quunr
1141 4262 1166 4318 id
1184 4283 1230 4338 pro

118 4363 221 4416 nomine
242 4359 345 4433 proprio
366 4353 496 4421 heberent,
517 4354 568 4428 ipsi
588 4371 688 4428 quoque
702 4347 1023 4428 ΝηίτταςτεΙΝηίτας
1039 4344 1231 4424 appellaverint.

205 4439 297 4501 1118.
323 4439 391 4497 Edd.
417 4442 480 4495 vett.
498 4435 567 4494 .Par.
594 4434 629 4495 A.
650 4435 722 4494 Flor.
745 4435 775 4492 2.
799 4433 848 4494 19.
871 4431 921 4490 33.
938 4433 1025 4500 ,Teuc
1048 4432 1135 4490 Harn.
1158 4430 1231 4510 Aug.

118 4526 144 4587 d.
165 4527 233 4586 Ver.
255 4547 281 4586 a.
303 4517 355 4608 ἐφ’
380 4515 506 4604 άρματι.
548 4521 602 4580 Alii
624 4541 676 4581 non
697 4521 773 4599 pauci
797 4513 849 4603 ἐφ’
874 4509 1017 4600 ἅρμασιν.
1121 4591 1126 4601 Ι
