3028 5136
92 493 267 593 χναύειν,
290 495 459 598 βρύκειν,

94 628 309 720 κρεοκοπιῖν
333 625 423 722 μέλη
449 624 583 714 ξένων,
694 671 698 678 -

93 744 322 848 ύασυμύλλῳ
348 751 388 825 έν
412 749 529 853 αἰγίδι
549 750 764 852 κλινομένῳ.

90 869 145 969 μή
174 902 259 970 μοι,
283 871 335 972 μὴ
357 874 557 974 προύίύου·

90 993 211 1094 μόνος
233 995 340 1101 μόνῳ
365 995 493 1098 κόμιζε
517 997 729 1100 πορθμίδας
754 995 906 1099 σκάφος.

430 1202 627 1277 ΧΟΡΟΥ
649 1199 691 1274 οἱ
717 1194 869 1280 ς’-ι’.”

537 1322 753 1425 μεοιρύύς.

90 1457 252 1558 χαιρέτω
275 1458 347 1555 μέν
371 1457 474 1542 odiis
499 1459 582 1554 ἥδε,

89 1584 250 1682 χαιρέτω
273 1583 315 1667 dd
339 1580 527 1683 θυμάτων

95 1821 277 1908 ύνιοχναύιιν.
326 1827 448 1888 Florons
476 1826 654 1887 Christianus
680 1818 854 1900 ἀπολαύειν,
887 1823 962 1903 qnod
989 1823 1135 1886 Porsonus
1165 1826 1201 1887 ad

94 1913 187 1991 Toup.
210 1911 247 1970 Τ.
270 1909 324 1972 IV.
349 1932 378 1991 p.
398 1912 472 1975 476.
496 1909 651 1970 mirabatur
671 1909 776 1968 nemini
797 1909 937 1980 arrisisse,
962 1928 1045 1987 quum
1067 1909 1202 1989 Musgra·

94 1997 157 2054 vius
193 2005 222 2054 et
249 1994 376 2075 Toupius
402 1994 439 2054 T.
471 1995 510 2055 II.
541 2015 569 2073 p.
593 1995 665 2056 269.
697 1987 861 2073 ἀνθρακιᾶς
890 1986 947 2052 diuo
973 1987 1090 2070 χναύειν
1114 1995 1201 2055 scribi

97 2079 252 2137 iussissent.
297 2077 416 2138 Rectius
447 2090 523 2138 certe
544 2078 691 2149 fecerunt,
723 2077 771 2154 qui
791 2073 987 2153 Musgravium
1011 2087 1040 2135 et
1060 2077 1200 2157 Toupium

97 2163 207 2240 sequuti
234 2172 318 2234 sunt,
351 2182 433 2241 quam
462 2160 626 2232 Porsonus,
657 2179 739 2240 quem
766 2160 910 2236 potissime
940 2160 1060 2219 movisse
1090 2162 1202 2221 videtur

95 2241 260 2326 ἀνθρακιᾶς
289 2240 445 2307 ἀπολαύειν
470 2245 592 2324 positum
621 2241 656 2300 ab
685 2240 877 2319 Aristophane
908 2243 937 2299 in
965 2241 1022 2320 Eq.
1046 2245 1119 2316 730.
1144 2266 1200 2303 non

94 2329 285 2406 cogitantem,
316 2327 391 2408 quod
420 2347 475 2387 uno
509 2327 572 2385 loco
601 2336 666 2404 apte
692 2323 820 2396 dicatur,
853 2345 909 2384 non
936 2326 1003 2383 item
1023 2326 1114 2385 altero
1136 2339 1201 2407 apte

94 2411 165 2470 diei.
217 2409 273 2469 IIio
303 2410 414 2490 quidem
441 2421 471 2469 et
498 2410 637 2468 sententia
658 2406 742 2466 docet
767 2405 874 2486 aliquid
895 2406 1051 2481 excidisse,
1083 2420 1113 2469 et
1153 2409 1201 2470 uid

95 2494 171 2553 desit
198 2493 320 2553 ostendit
345 2495 532 2573 antistropha.
577 2490 610 2551 Id
632 2493 719 2570 igitur
738 2487 852 2550 addidi:
886 2489 936 2554 καὶ
956 2485 1121 2573 ἀνθρακιᾶς
1142 2517 1201 2556 soro

92 2571 193 2658 θερμὰ
213 2573 336 2656 χναύειν.
664 2598 693 2635 ,’

178 2677 250 2740 362.
293 2676 368 2738 Edd.
392 2687 462 2737 vett.
485 2669 608 2757 βρύχειν.
650 2670 819 2733 Emendavit
834 2670 1029 2732 casaubonus.
1065 2674 1134 2736 vit.
1158 2679 1203 2737 in·

94 2771 234 2841 terpretes
255 2760 394 2820 Moeridis
415 2782 445 2841 p.
466 2761 518 2824 99.
674 2769 676 2772 ’

178 2861 251 2922 363.
295 2858 371 2919 Edd.
401 2871 470 2920 vett.
500 2863 682 2940 κρεωκοιιεῖν.
724 2856 805 2917 Mor.
829 2856 859 2919 l.
883 2856 914 2917 2.
938 2865 1119 2939 κρεωκοιιεῖς.
1162 2859 1199 2923 L.

94 2940 262 3002 DIndorfius
283 2950 459 3024 ιιρεοκοπεῖν.
501 2944 656 3021 Vulgatum
673 2942 851 3000 retinuerunt
865 2937 1006 3001 Matthiae
1023 2953 1053 3001 et
1067 2941 1199 3017 Botbius,

97 3046 153 3085 non
170 3044 307 3086 memores
321 3025 444 3085 Porsoni
460 3026 664 3086 observationis
681 3026 710 3082 in
724 3025 899 3102 praefatione
913 3025 1051 3085 Hecubae
1067 3039 1096 3106 p.
1116 3027 1199 3088 VIII.

179 3125 250 3190 364.
294 3125 370 3186 Edd.
395 3120 565 3208 ὃασομύλλῳ
587 3123 619 3187 ἐν
641 3123 729 3205 αἰγίδι
751 3117 917 3201 μαινόμενοι.
960 3123 1040 3184 Flor.
1060 3128 1091 3187 1.
1116 3128 1202 3189 duov-

95 3201 210 3289 μύλλων
230 3220 260 3268 et
281 3204 451 3287 καινύμεθα.
495 3209 609 3286 Optime
630 3205 765 3264 Reiskius
786 3203 958 3287 κλινομένρι,
988 3209 1068 3266 cuius
1090 3210 1130 3268 ita
1152 3231 1202 3270 ne·

95 3293 236 3372 gligentes
265 3293 380 3350 fuerunt
406 3293 550 3352 novissimi
576 3289 718 3359 editores,
749 3298 781 3346 ut
808 3306 870 3345 cam
899 3286 1123 3350 emendationem
1145 3313 1201 3352 non

95 3373 180 3434 modo
202 3397 256 3434 nou
278 3376 449 3454 reciperent,
473 3372 523 3433 sed
544 3372 684 3433 Matthiae
707 3380 737 3430 et
751 3369 871 3429 Botbius
894 3391 929 3429 ne
950 3387 1204 3436 commemorarent

95 3456 220 3539 quidem.

179 3559 252 3620 365.
297 3557 378 3617 Libri
407 3550 446 3637 μή
472 3579 538 3636 μοι,
567 3551 607 3636 μὴ
636 3546 806 3638 προδίδοοέ
835 3551 904 3614 Νοο
934 3555 1019 3617 credo
1041 3559 1121 3634 iore,
1153 3562 1201 3640 qni

95 3633 160 3701 cnm
182 3640 287 3701 Bothio
308 3640 446 3700 Beckium
468 3651 586 3722 sequuto
608 3635 648 3721 μή
668 3662 703 3719 με
723 3638 839 3712 scribat,
866 3650 999 3719 putetque
1016 3643 1134 3702 aiterum
1151 3646 1202 3704 he-

94 3726 262 3784 michorium
286 3725 320 3787 ab
343 3726 433 3784 altero
455 3725 635 3803 compellari,
666 3725 817 3802 rogarique
839 3734 870 3781 ut
890 3723 944 3782 sibi
965 3724 1054 3797 adsit,
1078 3738 1107 3785 et
1129 3727 1205 3794 ciam,

94 3807 218 3868 advehat
236 3809 330 3878 UtixIs
353 3829 470 3882 navem,
503 3828 558 3887 qua
578 3808 735 3886 aufugiant.
782 3805 912 3883 Scaliger
931 3806 1099 3887 adscripsit:
1124 3811 1201 3868 solus

93 3894 154 3952 soli
172 3892 243 3948 mohs*
262 3891 362 3968 coufer
383 3896 457 3952 Ιιοιιο
479 3894 610 3962 celocem,
634 3902 669 3950 ut
688 3894 817 3958 Planctus,
831 3888 964 3962 sortasse
984 3893 1040 3948 leuc
1057 3893 1199 3962 alludens,

95 3973 243 4049 loquitur.-
266 3975 329 4031 uult
347 3995 408 4034 eom
431 3979 574 4051 abtegrom
587 3972 697 4050 semem
720 3973 760 4030 od
773 3971 826 4029 bos
841 3973 940 4048 epulas
956 3971 1075 4052 offerre.
1105 3971 1201 4032 Plauti

95 4059 191 4117 Iocum
220 4050 311 4112 Pocn.
331 4056 386 4115 lII.
405 4059 435 4128 I,
458 4059 511 4118 40.
536 4075 619 4133 quum
641 4055 688 4114 vix
711 4053 868 4130 comparari
889 4072 971 4131 posse
992 4052 1104 4114 dicebat
1123 4052 1202 4114 Mat-

94 4140 185 4210 thiae,
209 4135 324 4195 crrabat
344 4157 389 4210 eo,
413 4138 488 4217 qnod
509 4159 565 4196 non
588 4138 670 4195 istum
688 4136 780 4193 locum
802 4132 874 4192 dixit
895 4133 1036 4214 Scaliger,
1060 4137 1110 4197 sed
1127 4139 1201 4197 hunc

96 4225 126 4282 in
148 4219 283 4280 Asinaria
303 4220 342 4279 II.
368 4224 398 4293 l,
423 4222 474 4284 10.

138 4317 214 4383 uode
233 4320 362 4380 sumam?
383 4339 438 4400 quo
459 4317 667 4378 absterrendum?
687 4335 742 4396 quo
762 4317 837 4376 dono
855 4319 975 4378 celocem
995 4319 1167 4399 conseram?

98 4423 166 4483 Non
185 4439 300 4502 prorsus
323 4431 417 4482 tamen
437 4427 515 4477 recte
537 4416 678 4496 Scaliger.
721 4414 797 4474 Nam
820 4418 958 4476 sententia
980 4419 1050 4482 haec
1071 4431 1132 4478 est:
1164 4442 1202 4482 ne

98 4509 273 4586 mrhr‘prode
292 4507 382 4565 hoec.-
412 4501 440 4562 id
462 4511 523 4575 est,
547 4502 593 4562 fac
615 4521 650 4562 ne
671 4501 777 4559 frustra
798 4500 869 4560 haec
882 4503 1132 4591 'apparaverimuss
1155 4526 1201 4565 so-

954 4600 1004 4665 3*
