3022 5140
151 489 217 566 καὶ
241 489 311 586 τὴν
335 492 377 569 ἐν
401 494 513 579 οἴκοις
538 493 608 590 σὴν
632 491 853 592 καταστήσει
876 494 1012 597 κόρην,
1109 519 1111 527 ’

150 621 209 692 nei
233 615 312 716 τρὶς
336 614 453 702 νόθος
468 617 630 719 πέφυκε.
671 617 846 706 πολλάκις
867 620 912 698 dd
931 653 991 698 τοι

152 732 245 838 ξηροί
268 742 435 838 βαθεῖαν
458 751 531 846 γῆν
555 742 698 840 ἐνίκησε
723 742 863 845 σποροί,

151 860 265 939 νόθοι
288 894 328 942 τι
352 868 479 943 πολλοὶ
502 867 667 971 γνησίων
693 867 891 968 ἀμείνονες.

155 989 239 1063 ἀλλ’
266 990 464 1090 ἐκκομίζου
489 992 627 1070 παῖδα.Ι
652 991 786 1072 actm
810 995 961 1094 βροτοῖς

157 1112 291 1208 πένητα
304 1105 478 1216 χρηστὸν
498 1116 523 1213 ἢ
547 1116 669 1196 κακὸν
685 1119 751 1194 καί
774 1115 953 1196 πλούσιον

155 1239 331 1340 γαμβρὸν
355 1245 546 1320 πεπᾶσθαι
564 1243 629 1320 καὶ
653 1243 783 1344 φίλον·
811 1243 858 1319 cr)
885 1243 925 1321 δ’
947 1241 1060 1321 οὐδὲν
1082 1241 1126 1318 cl.

596 1451 642 1520 Χ
646 1447 679 1522 0
685 1450 721 1518 P
731 1446 818 1520 ΟΣ.

155 1579 314 1671 σμικρᾶς
339 1575 407 1651 ἀπ’
434 1577 549 1675 ἀρχῆς
573 1585 693 1662 νεῖκος
718 1569 936 1677 ἀνθρώποις
959 1575 1057 1678 μέγα

153 1699 294 1799 yterio&
321 1701 518 1802 ἐκπορίζει·
538 1687 655 1780 1τοῦτο
677 1703 716 1779 d'
743 1703 780 1779 οἱ
804 1695 916 1800 σοφοὶ
938 1701 1088 1798 βροτῶν
1270 1711 1332 1776 630

154 1823 457 1922 ἔξευλαβοῦνται,
485 1826 538 1925 μὴ
558 1827 678 1930 φίλοις
700 1825 845 1925 τεύχειν
870 1828 959 1926 ἔριν.

532 2035 582 2104 Μ
588 2035 665 2105 ΕΝ
668 2031 746 2104 ΕΛ
751 2031 887 2106 ΑΟΣ.

153 2155 192 2230 τί
216 2156 302 2254 δῆτ’
327 2158 377 2236 dr
403 2163 513 2247 εἴποις
536 2164 625 2248 τοὺς
648 2163 823 2267 φέροντας
848 2163 900 2246 ὥς
924 2159 1054 2261 nepot,
1153 2185 1156 2192 ’

153 2283 218 2357 καί
242 2283 330 2368 τοῦς
354 2293 507 2385 φρονεῖν
529 2286 733 2371 δοκοῦντας
749 2287 918 2383 Ἕλλησίν
942 2315 1030 2362 ποτε
1035 2315 1054 2375 ,·

156 2407 215 2483 ὅτ’
240 2408 295 2486 νῦν
320 2409 367 2487 σύ
391 2409 557 2508 Πηλεύς,
583 2413 657 2499 καὶζ
671 2395 810 2513 πατρὸς
834 2417 979 2488 κλεινοῦ
1006 2404 1141 2514 γεγώς,

157 2532 266 2628 κῆδος
288 2533 475 2638 ξυνοίφας,
502 2535 637 2639 αἰσχροί
659 2519 733 2638 Ιμίν
759 2544 885 2638 σαυτῷ
910 2535 1023 2640 λέγεις
1270 2551 1332 2614 635

200 2904 203 2916 ι
240 2865 312 2928 623.
355 2862 425 2926 Ald.
452 2867 516 2928 rell.
539 2865 587 2930 uel
602 2891 653 2940 τις.
692 2866 777 2928 Lasc.
802 2878 833 2926 et
851 2867 979 2948 plerique
1000 2867 1083 2928 codd.
1106 2867 1153 2930 κεί
1171 2865 1241 2949 τρίς.

238 2972 311 3035 624.
355 2970 425 3033 Ald.
449 2975 512 3034 rell.
536 2975 632 3036 Guell.
655 2977 751 3037 Havn.
775 2977 934 3036 Florentini
954 2987 1012 3036 tres
1036 2971 1137 3059 σπορά.
1175 2976 1261 3036 Lasc.

155 3053 225 3114 Par.
250 3055 290 3115 A.
313 3055 394 3118 Flor.
418 3056 458 3116 A.
485 3063 587 3145 σπορᾷ.

239 3165 312 3228 626.
357 3162 442 3223 Lasc.
464 3164 532 3224 Ald.
556 3166 620 3224 rell.
642 3164 711 3223 Par.
734 3163 772 3224 Ε.
798 3159 911 3226 κνίδιον.
962 3164 1031 3224 Par.
1053 3165 1093 3225 A.
1120 3166 1156 3225 Β.
1180 3165 1261 3224 Flor.

155 3244 333 3310 A.10.15.
362 3247 457 3307 Havn.
483 3243 626 3310 κῦδιστον.
664 3248 844 3327 Hesychius:
875 3241 994 3323 κῦῦιον,
1020 3253 1161 3329 κρεῖττον,
1189 3248 1264 3329 αἱρε-

156 3325 286 3410 τώτερον.
330 3331 387 3404 Qui
408 3350 492 3411 quum
514 3331 588 3390 haud
609 3350 699 3411 pauca
723 3350 759 3390 ex
781 3328 983 3389 Andromacha
1001 3333 1029 3390 in
1054 3332 1165 3391 lexicon
1182 3351 1262 3390 suum

156 3416 313 3494 receperit,
338 3416 450 3473 firmare
468 3413 580 3474 videtur
596 3414 738 3492 vulgatam
762 3416 940 3494 scripturam.

240 3521 312 3584 635.
356 3521 556 3602 Musgravius,
595 3519 728 3600 frigidum
761 3533 790 3581 et
821 3523 944 3601 ineptum
977 3541 1039 3581 esse
1066 3533 1144 3581 ratus
1173 3524 1265 3602 κῆδος

157 3599 308 3680 ξυνάψας,
342 3606 396 3664 nisi
421 3606 503 3708 ‹puale
526 3605 570 3665 vel
597 3625 660 3664 cum
685 3605 850 3685 quihusnam
872 3603 1042 3677 adderetur,
1081 3606 1261 3678 coniiciehat,

157 3681 201 3748 ὅτ’
222 3681 263 3748 νίν
283 3681 319 3750 cai
338 3689 454 3767 Πηλευς
473 3687 522 3749 καί
542 3683 650 3770 πατρὸς
670 3693 795 3766 κλεινοῦ,
815 3695 899 3762 θεοῖς
918 3688 1009 3769 κῆδος
1026 3685 1168 3766 gauderus,
1190 3686 1265 3768 quod

158 3790 237 3828 more
260 3791 310 3830 suo
336 3773 444 3852 recepit
465 3771 636 3832 Brunckius.
683 3772 732 3831 Sic
754 3773 865 3854 quidem
888 3773 1011 3852 scribere
1034 3770 1186 3850 Euripides
1208 3793 1263 3831 non

159 3855 268 3933 potuit,
292 3855 347 3913 nisi
371 3855 395 3913 si
419 3855 547 3935 copulam
569 3853 701 3916 adderet:
740 3859 818 3935 atqui
839 3856 905 3914 huic
928 3874 980 3934 per
1001 3865 1119 3913 metrum
1141 3874 1197 3912 non
1221 3865 1265 3913 est

159 3935 249 3996 locus.
289 3937 417 3997 lacebsic
436 3941 465 3996 in
482 3935 566 3999 Curis
589 3940 720 4000 secundis
736 3961 765 4020 p.
784 3941 836 4002 62.
860 3957 931 3996 uuus
956 3937 1061 3996 alterve
1084 3955 1182 3996 versus
1199 3947 1264 3994 ante

159 4019 228 4079 illud
249 4021 339 4102 κῆδος
360 4017 493 4100 ξυνάψας
517 4021 693 4084 intercidisse
717 4021 881 4082 videbatur:
905 4021 955 4078 'cui
979 4019 1164 4077 assentientes
1186 4018 1265 4079 Met·

159 4103 235 4163 thiae
262 4104 367 4184 aliique
399 4106 516 4166 lacunae
551 4107 632 4184 sigua
663 4116 827 4185 posuerunt.
885 4101 1051 4180 Lentingius
1078 4101 1107 4158 in
1129 4101 1264 4160 librorum

159 4185 282 4246 lectione
305 4190 488 4267 acquiescens
512 4189 666 4268 signilicari
695 4199 774 4267 putat
793 4185 858 4266 ἐμοὶ
880 4185 971 4266 κῆδος
993 4179 1133 4262 ξυνάψας.
1184 4182 1218 4243 ld
1240 4186 1265 4243 si

160 4270 347 4350 explicasset,
369 4273 474 4331 rectius
490 4273 621 4344 lecisset,
647 4291 728 4350 quam
751 4269 825 4348 quod
844 4288 912 4340 eos,
936 4269 984 4347 qui
1008 4268 1091 4326 aliter
1114 4269 1262 4342 sentirent,

160 4354 243 4412 nimis
267 4353 411 4432 elegantes
435 4357 555 4414 vocavit.
608 4353 690 4414 Nihil
719 4354 793 4424 enim
823 4351 1009 4432 impediebat,
1044 4352 1110 4431 quin
1136 4350 1265 4412 Thetidis

161 4436 331 4496 connubium
355 4439 402 4498 hic
423 4449 699 4509 commemoraretur,
723 4434 806 4496 modo
830 4434 859 4495 id
880 4445 969 4509 recte,
993 4455 1045 4494 ncc
1062 4437 1115 4508 sic,
1135 4446 1167 4495 ut
1183 4436 1265 4496 Mus-

162 4522 261 4598 gravio
291 4521 415 4602 placuit,
448 4521 629 4584 adiicerctur.
683 4520 751 4586 Neu
772 4533 817 4582 est
839 4531 931 4580 tauma
953 4539 1040 4600 opus,
1074 4532 1106 4579 ut
1125 4519 1264 4580 excidisse
