3028 5136
669 327 748 399 '27

169 509 292 606 ridiov’
319 510 430 589 ἐστίν.
481 508 625 614 οὐγὰρ
652 507 703 585 αὖ
726 510 860 586 νεωστί
883 538 926 613 με

168 637 272 711 ἄλλοι
296 635 390 737 πρὸς
405 637 534 738 ’ἄντρα
558 632 607 711 τοὶ
626 631 682 709 σοί
707 635 748 738 γ’
774 635 955 735 ἀφίκοντο
982 637 1087 722 ξένοι.
1168 643 1170 650 ’

547 840 793 914 ΟΔΥΣΣΕ
806 842 889 911 ΥΣ.

167 964 353 1068 Κύκλωψ,
381 973 547 1048 ἄκουσον
571 973 612 1048 ἐν
635 969 737 1070 με’ρει
762 969 826 1046 καῖ
849 978 928 1046 τῶν
954 969 1079 1056 ξένιον.
1283 980 1347 1046 255

167 1091 271 1189 ἡμεῖς
293 1095 413 1194 βορᾶς
429 1092 629 1195 χρῄζοντες
653 1092 816 1192 ἐμπολὴν
841 1096 972 1192 λαβεῖν

169 1225 247 1293 σοῖν
272 1217 390 1296 ἆσσον
415 1220 565 1321 ἄντρων
590 1223 758 1318 ἤλθομεν
782 1217 875 1304 νεώς
900 1222 985 1296 ἄπο.

165 1341 255 1427 τοὺς
276 1343 316 1420 d'
343 1345 461 1445 ἄρνας
482 1346 574 1444 ἡμῖν
599 1342 707 1428 οὗτος
732 1345 817 1420 ἀντ’
845 1350 950 1424 οῖνου
976 1344 1125 1448 σκύφον

166 1466 368 1563 ἀπημπόλα
392 1500 431 1546 τε
455 1469 635 1560 κοῖιλίιλοο,
661 1475 758 1546 πιεῖν
780 1467 924 1567 λαβών,

165 1590 263 1668 ἑκολν
286 1595 431 1682 ἑκοῦσι,
459 1593 595 1671 κούδὲν
619 1593 666 1690 ἦν
693 1590 838 1670 τούτων
859 1594 939 1692 βίᾳ.

166 1718 242 1792 ἀλλ’
267 1716 375 1804 οὗτος
398 1717 499 1822 ὑγιὲς
523 1706 635 1796 οῧιλέν
660 1714 716 1795 ὧν
741 1718 856 1819 φησὶν
881 1718 994 1821 λέγει·

165 1842 241 1918 ἐπεὶ
267 1845 336 1920 οὐκ
362 1841 507 1946 ἐλήφθη
533 1853 602 1921 σοῦ
628 1841 754 1945 λάθρᾳ
777 1849 913 1920 πωλεῖν
937 1843 985 1920 τὰ
1012 1840 1086 1936 σοῖ,·

547 2054 590 2122 Σ
594 2051 625 2120 E
633 2053 656 2122 I
658 2048 698 2120 A
705 2050 750 2120 H
752 2049 793 2120 N
798 2047 885 2121 ΟΣ.

165 2173 257 2280 ἐγώς
281 2184 408 2262 κακοῖς
422 2177 504 2282 peip
530 2178 673 2266 ἐξόλοι’.

553 2381 628 2456 ΟΛ
638 2385 713 2452 ΥΣ
716 2386 757 2452 Σ
762 2384 794 2451 Ε
804 2383 887 2452 ΥΣ.

706 2519 737 2588 ελ
761 2508 961 2613 ψεύδομαι.

165 2623 437 2638 m

246 2732 319 2794 253.
363 2731 444 2791 Libri
470 2725 559 2812 ἥδιόν
582 2731 666 2795 ἐστιν.
708 2729 880 2792 Emendavit
907 2729 1058 2790 Canterius.
1101 2727 1271 2793 Deindo’
1237 2756 1274 2796 ου

164 2809 219 2897 ydtp
240 2803 294 2877 οὖν
316 2814 351 2874 ab
366 2816 486 2876 Reislsio
507 2827 654 2920 acceptum
675 2814 849 2876 admiserunt
863 2813 1004 2874 Matthiae
1022 2814 1138 2894 aliique.
1184 2816 1274 2877 Recte

163 2919 233 2958 vero
261 2899 325 2957 libri
355 2894 391 2961 οὐ
419 2895 473 2982 γὰρ
504 2889 551 2964 αὖ.
601 2900 739 2960 Refertur
758 2900 834 2959 enim
856 2901 927 2959 haec
948 2899 1088 2977 particula
1111 2918 1164 2971 eo,
1199 2898 1274 2979 quod

164 2983 232 3041 olim
254 2981 386 3080 quidem,
414 2983 464 3042 sed
486 3004 542 3043 non
563 3003 674 3043 rursum
695 2983 801 3044 exilio
823 2993 949 3064 tempore
970 2982 1058 3062 aliqui
1079 2983 1203 3062 hospites
1224 2982 1275 3043 ad-

163 3066 304 3126 venerint.

246 3165 319 3228 254.
363 3161 504 3225 Matthiae
534 3176 564 3224 et
595 3165 644 3222 alii
671 3183 708 3224 ex
734 3162 867 3223 Barnesii
896 3165 1060 3224 coniectura
1084 3157 1158 3244 πρὸς
1184 3160 1274 3247 ἄντρα

163 3253 235 3311 ταῦτ
238 3243 431 3350 'ediderupt
476 3247 557 3307 Libri
584 3241 658 3328 πρὸς
684 3241 774 3327 drapo
794 3241 890 3308 rdo'.
934 3246 1083 3306 RccteL.
1105 3247 1272 3308 Dindorlius

165 3334 289 3392 coniecit
308 3326 343 3392 τὰ
364 3327 401 3392 σοι
421 3355 439 3413 γ
476 3350 539 3390 esso
561 3327 750 3389 scribendum.

245 3433 320 3497 256.
364 3429 428 3490 Νοο
456 3429 588 3489 Piersoni
618 3431 781 3488 coniectura
807 3427 842 3488 ad
866 3427 962 3489 Moer.
990 3449 1019 3508 p
1032 3429 1114 3492 155.
1146 3427 1273 3510 ἐμπολῆς
1390 3429 1394 3436 ’

164 3538 235 3597 opus
256 3528 314 3589 est,
348 3535 400 3574 nec
420 3513 560 3572 Matthiae
583 3512 652 3572 duas
675 3514 899 3572 constructiones
921 3513 1085 3574 commixtas
1108 3515 1271 3594 excogitare

164 3601 295 3672 debebat,
320 3598 369 3658 sed
391 3599 459 3656 satis
482 3607 544 3656 crat
563 3596 655 3678 βορᾶς
675 3592 802 3677 ἐμπολὴν
818 3599 987 3676 emptionem
1004 3596 1084 3656 cibi'
1076 3600 1268 3678 interpretari.

245 3697 318 3762 260.
362 3696 443 3756 Libri
460 3691 559 3782 τούτῳ.
601 3695 771 3758 Emendavit
789 3694 956 3772 Barnesins.

245 3797 318 3858 262.
362 3795 443 3855 Libri
463 3795 524 3858 ἐπεὶ
544 3791 716 3900 αατεληφθη
737 3814 791 3858 σου
811 3792 909 3878 λάθρα
923 3802 1028 3859 πωλεῖν
1048 3790 1084 3858 τὰ
1104 3789 1149 3856 σοι.
1192 3795 1272 3854 Hea-

50 3947 51 3951 ,
164 3879 217 3936 thii
239 3877 461 3939 emendationem
488 3874 605 3961 ἔπαγ’
629 3875 678 3940 ἕλ’
659 3887 748 3959 φηθη
766 3881 920 3958 probavit
913 3881 1122 3940 Valckenarius
1143 3877 1179 3936 ad
1199 3878 1273 3956 Hip·
1298 3914 1299 3919 κ

165 3958 223 4038 pol.
244 3962 315 4022 955.
348 3962 397 4020 ubi
423 3962 521 4022 eodem
551 3904 634 4020 modo
656 3964 790 4058 scriptum
813 3957 925 4043 i'rcsly
954 3959 1128 4040 ἕληφθης..
1124 3957 1198 4019 Sed
1219 3980 1271 4019 nec

167 4042 219 4138 qui·
241 4041 295 4100 hoc
321 4047 458 4122 reponi
440 4047 606 4117 r‚oluerunt
638 4063 690 4104 nec
719 4045 767 4122 qui
797 4055 945 4103 servarunt
971 4045 1132 4124 vulgatam,
1165 4054 1270 4102 certam

165 4124 303 4184 rationem
334 4130 444 4204 sequuti
470 4127 612 4186 videntur.
663 4126 746 4186 Nihil
776 4127 967 4186 offensionis'
960 4147 987 4186 rn
1008 4137 1160 4206 anapaesto
1182 4137 1268 4225 esset,

166 4211 189 4268 si
213 4206 282 4266 haec
305 4209 376 4267 alius
397 4230 478 4287 qnam
494 4211 594 4268 Ulixes
611 4208 729 4280 diceret,
754 4229 835 4288 quem
853 4210 1002 4314 oportebat
1015 4211 1131 4288 tragicis
1148 4211 1271 4270 numeris

166 4292 255 4396 loqui.
297 4291 365 4351 Non
387 4303 431 4350 est
451 4302 544 4350 tamen
565 4293 743 4363 verisimile,
769 4303 800 4350 ut
821 4287 931 4375 ἑταῖρ’
953 4288 1119 4374 ἒληφθηιιι
1140 4292 1203 4355 ἐπεὶ
1222 4317 1272 4354 uot-

165 4370 299 4456 τιληφθη
330 4385 464 4435 mutatum
493 4376 595 4446 luerit,
627 4377 681 4436 nisi
708 4374 883 4456 probabilior
903 4378 997 4456 aliqua
1019 4398 1119 4438 caussa
1140 4377 1271 4436 librarios

167 4458 342 4520 adduxisset.
385 4458 431 4518 Ea
450 4459 522 4530 fnit,
554 4460 671 4540 opinor
690 4457 770 4562 quod
791 4461 933 4565 scriptum
947 4473 1023 4521 esset
1041 4481 1094 4543 pcr
1114 4464 1271 4540 lnterroga-

167 4545 271 4604 tionem
295 4539 410 4608 ἔμελ’
376 4566 432 4606 ουκ
451 4538 569 4662 ἐληφθη
590 4549 643 4605 σοῦ
663 4539 762 4630 λάθρη
780 4549 885 4608 πολῶν
903 4567 939 4606 τα
959 4540 1011 4622 σοῖς
