2996 5136
627 305 699 382 155

104 481 190 566 τούς
218 481 307 567 σούς
332 479 466 586 λόγους
491 479 686 575 στίζοντες·
729 489 858 588 ἄρχειν
882 492 956 595 γὰρ
981 495 1074 582 νεώς

105 608 211 692 ξένον
236 602 411 692 κελεύσας
433 603 559 686 πάντα
584 611 760 710 συνέχεας
782 611 884 692 τάδε.

103 732 167 807 καὶ
193 733 311 808 τάλλα
333 730 405 830 μέν
429 732 476 829 δὴ
501 735 640 835 ῥᾳδίως
663 742 751 815 εῖσω
775 738 869 825 νεάις

103 857 273 954 ἐθέμεθα
297 855 546 956 κουφίζοντα·
585 859 753 963 ταύρειος
776 861 817 940 δὲ
842 864 935 950 πούς

103 983 173 1058 ούκ
198 981 301 1076 ἤθελ’
326 981 443 1080 ὀρθὸς
469 983 605 1061 σανίδα
630 989 835 1087 προςβῆναι
859 985 969 1087 κάτα,

104 1108 179 1182 ἀλλ’
202 1107 414 1205 ἐξεβρυχᾶτ’
441 1109 530 1207 ὄμμ’
554 1108 800 1213 ἀναστρέφων
824 1111 963 1216 κύκλῳ,

102 1239 254 1332 κυρτῶν
278 1261 318 1306 τε
343 1239 446 1308 νῶτα
470 1240 545 1320 κεῖς
569 1236 679 1336 κέρας
704 1239 977 1339 παρεμβλέπων

101 1357 152 1456 μὴ
179 1354 378 1461 θιγγάνειν
404 1357 589 1462 ἀπεῖργεν.
641 1362 662 1438 ὃ
690 1361 730 1439 δ’
749 1365 892 1462 Ἑλένης
916 1363 1022 1450 πόσις

102 1475 291 1577 ἐκάλεσεν,
309 1478 356 1566 ,ὦ
381 1480 581 1581 πέρσαντες
603 1485 710 1563 Ἰλίου
736 1487 864 1580 πόλιν,

102 1607 171 1682 οὐκ
198 1607 245 1682 el'
267 1604 551 1707 ἀναρπάσαντες
567 1607 749 1706 Ἑλλήνων
772 1611 880 1717 νόμῳ

101 1730 265 1816 νεανίαις
290 1728 424 1829 ἀίμοισι
444 1731 618 1834 ταύρειον
643 1733 759 1835 δέμας

101 1861 151 1940 εἰς
177 1863 335 1956 πρῷραν
360 1859 552 1958 ἐμβαλεῖτε
558 1915 570 1950 ,
605 1863 807 1966 (φασγάνῳ
831 1865 872 1939 θ’
900 1866 979 1963 άμα

100 2060 374 2076 Ἣ

101 2182 135 2246 δε
152 2185 223 2244 vitio
237 2181 330 2244 lector
342 2181 551 2257 admoneretur.
595 2179 682 2260 Quod
703 2185 864 2266 Stephanus
886 2187 916 2247 in
940 2186 1014 2250 Μεε.
1036 2208 1103 2252 esse
1127 2167 1209 2259 (lixit,

101 2269 266 2349 recepitque
284 2265 438 2342 Carteres,
463 2267 680 2350 διεσιωπῶμεν,
702 2267 904 2330 confirmarunt
923 2267 1005 2333 Flor.
1027 2283 1055 2335 1.
1070 2283 1103 2334 2.
1125 2275 1207 2342 Vict.

183 2379 278 2436 1573.
323 2371 400 2436 End.
422 2385 492 2437 vett.
515 2374 598 2436 Flor.
616 2386 646 2440 1.
665 2385 698 2438 2.
728 2374 779 2438 col
800 2379 893 2438 ταῦτα
913 2375 968 2455 μὲν
988 2375 1039 2456 δύ.
1089 2382 1211 2462 Stepha-

100 2477 171 2532 nns,
201 2469 233 2518 nt
253 2477 290 2518 ex
310 2457 401 2530 Men,
423 2457 475 2522 ιιοδ
496 2457 596 2522 πάντα
619 2457 674 2538 μὲν
701 2455 749 2536 δή.
796 2457 889 2522 liceto
918 2459 1061 2524 Centoras
1083 2467 1211 2526 correxit

99 2543 149 2604 καὶ
170 2539 264 2604 τόλλα
285 2539 340 2622 μὲν
363 2540 418 2620 δή,
445 2541 521 2622 qnod
543 2545 652 2624 recepit
670 2543 840 2605 Barneains.

184 2655 277 2714 1574.
322 2648 399 2712 Etr.
430 2649 593 2728 ἐθέμεσθα.
621 2651 703 2712 Flor.
721 2661 750 2713 1.
775 2649 919 2730 ἐθέμεθα.
962 2651 1009 2712 At
1028 2653 1212 2729 κουφίζοντα

99 2733 241 2794 lleathins
263 2731 391 2793 adhibuit
410 2733 533 2793 Hesiodi
553 2753 665 2796 veronna
687 2737 717 2796 in
740 2735 779 2795 0.
801 2746 832 2795 et
852 2733 892 2794 Ι).
917 2743 991 2798 463.
1016 2735 1052 2797 (le
1075 2754 1129 2818 quo
1151 2737 1210 2800 (lini

99 2819 127 2876 in
153 2835 277 2880 censura
298 2815 431 2877 editionis
451 2818 601 2898 Gotttiogii
621 2821 650 2879 in
672 2820 782 2900 Opusc.
805 2821 862 2879 vol.
886 2820 941 2882 Vl.
1046 2851 1050 2860 ·
1163 2854 1166 2864 ·

52 2910 61 2934 x
184 2931 277 2988 1577.
322 2919 399 2984 litt.
423 2928 493 2985 vett.
517 2923 587 3002 παρ’
611 2915 788 3008 ἐμβλέπων.Ι
825 2925 950 2988 Brolaci
972 2919 1079 2990 monitu
1099 2926 1210 2990 Barnc·‘

100 3009 175 3082 sius,
204 3019 235 3068 nt
254 3005 337 3069 Vrct.
361 3017 390 3068 et
411 3005 533 3070 fortasse
555 3009 727 3084 Flaminini,
756 3012 986 3094 παρεμβλέπων.
1028 3012 1210 3098 Descriptio·

99 3114 163 3154 ncne
185 3093 336 3152 illustravit
356 3091 508 3152 Elorsleius
530 3092 566 3153 etl
586 3091 695 3155 Bacch.
714 3099 788 3157 742.

184 3205 279 3263 1580.
322 3197 399 3259 Εδδ.
424 3209 494 3258 vett.
520 3197 633 3262 οὔκουν
654 3197 891 3282 ἀναρπάσαντες.
920 3199 1002 3262 Flor.
1024 3213 1053 3266 1.
1079 3199 1135 3264 ούιι
1157 3196 1208 3281 ἦν.

98 3284 168 3345 Par.
191 3283 231 3344 E.
257 3283 295 3342 G.
319 3281 399 3342 Flor.
429 3291 462 3342 2.
485 3283 567 3345 Vict.
592 3281 649 3346 ούιι
671 3279 721 3360 εἷ’,
751 3283 955 3365 superscripto
976 3286 1006 3344 in
1035 3283 1209 3350 Florentino

100 3369 232 3441 οὔκουν,
260 3367 290 3425 in
312 3358 480 3429 vicherio.
1011 3367 1014 3376 ’
1204 3395 1206 3400 ·

185 3477 278 3539 1582.
323 3472 423 3535 Libri:
465 3473 508 3548 εἰς
535 3477 660 3554 πρῶραν
692 3471 862 3556 έμβαλεῖτες
899 3469 1057 3556 φάσγανόν
1084 3472 1117 3538 θ’
1148 3475 1211 3558 ἅμα

100 3549 263 3640 πρόχειρον
293 3555 364 3619 ἀσει
391 3553 504 3639 σφάγια
533 3561 576 3640 τῷ
596 3555 776 3637 τεθνηκότες
814 3557 1016 3640 Musgravius,
1047 3580 1209 3642 perperam,

100 3643 195 3704 indice
215 3642 387 3706 Ruhnkenic
415 3641 445 3700 in
466 3639 562 3720 Epist.
587 3643 652 3703 crit.
677 3641 702 3703 l.
735 3665 764 3723 p.
790 3653 877 3722 100..
893 3644 981 3728 (154.
1007 3643 1055 3704 εδ.
1083 3643 1208 3730 noviss.)

101 3725 288 3788 coniiciebat:
321 3724 351 3799 ές
373 3729 498 3806 πρῶραν
519 3723 690 3806 ἐμβαλεῖτε,
714 3725 886 3812 (φάσγανόν
908 3727 940 3789 θ’
962 3725 1024 3801 ἅμα
1049 3729 1212 3808 πρόχειρον

102 3807 188 3893 ω’ρεῖ)
219 3805 333 3890 σφάγια
360 3813 404 3888 opi
431 3807 609 3885 oniropolon
651 3821 699 3884 ut,
732 3831 804 3890 quae
830 3813 1007 3892 parenthesis
1036 3814 1208 3886 contineret,

101 3916 154 3953 non
175 3893 324 3966 Menelai,
352 3892 404 3953 sed
425 3895 520 3952 nuncii
541 3895 628 3954 vcrha
647 3904 766 3968 essent;
805 3894 893 3955 credo
914 3893 988 3974 quod
1009 3894 1210 3954 recordaretur

102 3975 169 4038 illud
193 3980 223 4036 in
241 3975 358 4036 Electra
381 3997 409 4037 v.
426 3981 499 4039 695.

271 4155 433 4242 πρόχειρον
455 4157 540 4242 ἔγχος
558 4155 634 4242 χειρί
655 4074 1001 4242 ssappppopppopupquw,

100 4266 254 4341 Matthiae,
274 4269 434 4333 assentiens
442 4267 630 4338 Ruhnkenio,
651 4267 721 4327 nihil
737 4269 792 4327 nisi
809 4267 921 4345 signum
937 4265 1131 4344 interrogandi
1146 4280 1210 4348 post

100 4351 255 4430 ἐμβαλεῖτε
275 4354 304 4412 in
326 4352 463 4430 virgulam
486 4350 621 4422 mutavit,
644 4369 699 4412 noo
722 4350 832 4422 dicens,
857 4370 939 4430 quem
963 4360 1075 4429 putaret
1095 4363 1210 4415 sentcn-¹

100 4437 167 4496 tiam
180 4437 330 4498 verborum
345 4455 423 4496 esse.
461 4435 518 4510 Qui
530 4435 647 4496 alteram
660 4436 798 4515 virgulam
815 4455 877 4494 cunr
893 4432 1049 4494 Schaelero
1062 4446 1125 4514 post
1140 4436 1211 4503 δόσει

102 4517 221 4593 attinio,
244 4519 282 4582 L.
296 4517 476 4593 hictarius,
498 4521 597 4580 saltem
614 4529 646 4580 nt
662 4519 780 4600 intelligi
794 4518 881 4584 verba
897 4528 1015 4599 possent
1029 4519 1134 4592 effecit,
1156 4519 1209 4588 secl
