3028 5136
813 281 864 390 al

238 495 241 504 ¹
286 504 442 610 γνώμην
468 502 648 598 κατέσχον
674 495 851 596 ἀλίμενύν
875 526 915 572 τε
939 493 1112 594 καρῦίαν,

289 625 521 716 rimantes,
547 625 578 702 oi
607 624 783 701 δέσποινα
791 678 804 712 ,
833 621 1002 727 Διογενὲς
1026 614 1113 707 θεοί,

288 763 379 844 νῦν,
405 762 478 831 νῦν
501 755 657 852 ἄρηξον·
687 748 904 847 κρείσσονας
928 749 1001 852 ‘peip
1022 750 1129 826 Ἰλίου

219 877 427 964 355πόνοος
452 880 615 981 ἀφῖγμαι
640 875 733 950 κάπὶ
756 871 937 951 κινδύνου
961 871 1108 974 βάθρα.
1218 927 1220 932 -

289 1001 337 1081 σύ
362 1005 412 1092 τ’,
438 1001 469 1078 ὥ
495 1009 671 1105 φαεννῶν
696 999 864 1098 ἀστέρων
889 1004 1003 1077 οἰκῶν
1028 1001 1150 1100 ἕδρας,

291 1136 366 1205 Ζεῦ
392 1130 493 1217 ξένε’,
520 1127 591 1227 ὅρα
615 1123 723 1202 τύδ’·
750 1130 782 1199 ελ
807 1122 881 1228 γὰρ
908 1123 1003 1200 αὐτὰ
1026 1125 1078 1224 μὴ
1103 1125 1260 1223 βλέπεις,

291 1251 575 1351 ἄλλωςνομίζει
600 1248 713 1339 Ζεύς,
738 1248 782 1324 τὸ
807 1248 926 1352 μηδὲν
952 1250 1025 1339 ὤν,
1051 1249 1152 1334 θεός.

624 1453 820 1527 XOPOY
841 1450 883 1524 οἱ
913 1445 1063 1528 α,’-ε’.

451 1673 453 1676 ,
754 1570 938 1676 στεναί·

292 1710 449 1812 Εὐρείας
469 1707 656 1813 φάρυγος,
682 1707 728 1786 tol
752 1708 931 1810 Κύκλωψ,

223 1833 512 1933 36οἇνασεύμοο
536 1835 579 1910 τὸ
600 1841 737 1931 χεῖλος·
774 1835 825 1920 ὡς
848 1831 977 1932 ἕτοιμοί
1003 1858 1060 1910 σοι

294 1959 398 2062 ἑφθοὶ
427 1958 491 2035 καὶ
515 1959 611 2037 ὀπτὰ
633 1959 696 2036 καὶ
722 1962 934 2059 ἀνθρακιᾶς
957 1959 1030 2035 ἄπο
1058 1959 1181 2060 θερμοὶ

294 2263 407 2324 codices
428 2264 553 2336 iactare,
586 2284 669 2345 quum
694 2262 764 2323 dicit
783 2265 810 2322 in
833 2276 890 2324 vet.
915 2263 979 2323 cod.
1003 2283 1065 2323 esse
1087 2256 1203 2342 βωμὸν,
1225 2273 1254 2322 et
1275 2263 1303 2320 in
1325 2283 1400 2322 mar-

295 2349 361 2428 gine
382 2349 464 2406 nnius
483 2342 588 2427 θωμὸν
608 2349 709 2420 εῑίοω,
732 2359 761 2406 at
783 2349 837 2407 sihi
856 2354 954 2427 κῶμον
975 2369 1031 2407 non
1053 2341 1214 2427 displicere.
1259 2346 1328 2405 Sine
1348 2344 1400 2405 ‹lu-

294 2433 342 2492 hio
358 2451 454 2491 verum
471 2443 515 2490 est
529 2426 638 2510 βωμόν,
655 2432 720 2510 quia
739 2451 801 2491 sese
816 2425 868 2493 τὸν
883 2427 949 2493 κατ’
969 2427 1070 2492 αὔλιον
1084 2425 1158 2491 θεὸν
1169 2441 1253 2489 vocat
1263 2428 1397 2510 Cyclops.

377 2532 450 2595 356.
494 2529 570 2591 ttdd.
593 2542 662 2590 vett.
686 2535 822 2608 φαεινῶν.
867 2531 947 2590 Flor.
973 2535 1003 2593 l.
1026 2521 1160 2593 zvini.
1182 2533 1325 2607 φαεννῶν.

361 2631 451 2693 “357.
494 2629 569 2689 Edd.
593 2642 662 2690 vett.
689 2635 758 2704 Ζεῦ,
780 2626 854 2704 ξένε’
875 2628 930 2712 ὅρα
948 2625 1023 2692 τάδ’.
1066 2628 1206 2689 Canterus
1228 2628 1402 2708 distinguen-

296 2713 361 2773 dum
383 2714 509 2787 monuit,
536 2718 594 2776 Ζεῦ
615 2711 698 2790 ξένε’,
720 2712 775 2796 ίίρα
793 2709 870 2776 τύδ’.

378 2813 451 2874 358.
496 2814 527 2870 ln
550 2810 615 2872 edd.
638 2825 707 2872 vett.
730 2815 938 2893 interpungitur
958 2809 1049 2884 ῦλλως
1069 2811 1169 2896 νομίζῃ
1189 2814 1265 2885 Ζεῦ,
1291 2804 1325 2871 τὸ
1348 2834 1402 2890 μη·

297 2892 347 2957 ὁὲν
373 2890 415 2955 σίν
443 2892 524 2968 θεός.
569 2895 677 2965 ¹Postea
701 2918 767 2956 cum
789 2898 982 2958 Valckenario
1012 2895 1047 2955 ad
1076 2894 1187 2954 Phoen.
1212 2897 1264 2956 84.
1287 2905 1318 2953 et
1346 2896 1398 2957 86.

297 2979 431 3056 scriptum
454 2973 545 3051 ίίλλως
566 2981 683 3066 νομίζῃ,
707 2985 782 3056 Ζεῦ,
809 2975 841 3041 τὸ
863 2977 953 3060 μηδὲν
973 2975 1014 3040 ὢν
1035 2973 1116 3051 θεός.
1157 2977 1225 3036 Νοο
1249 2971 1318 3056 opus
1340 2987 1402 3035 erat

298 3063 399 3130 iterata
428 3064 615 3141 appellatione
647 3069 721 3140 Ζεῦ,
751 3074 782 3122 ut
811 3075 888 3123 recte
916 3065 1056 3143 scriptum(
1079 3064 1117 3120 sit
1145 3062 1173 3120 in
1205 3061 1283 3122 Vict.
1317 3055 1401 3134 Ζεύς,

298 3142 373 3226 quod
394 3147 500 3224 recepi.

379 3246 452 3307 359.
501 3247 534 3304 ln
563 3245 642 3307 lssrr-is
667 3249 752 3306 chori
781 3267 884 3308 nomen
914 3249 965 3306 toti
991 3248 1056 3306 huie
1086 3245 1205 3304 carmini
1231 3240 1401 3320 adscriptum

297 3338 351 3387 est.
395 3327 514 3407 Aliquid
535 3332 595 3389 veri
616 3330 686 3389 vidit
708 3331 854 3409 Scaliger,
879 3333 926 3411 qui
948 3331 1108 3390 constitutis
1129 3326 1237 3386 duobus
1258 3325 1403 3385 hemicho-
1459 3376 1461 3380 .

298 3413 348 3469 riis
375 3411 460 3470 alteri
487 3433 562 3492 quae
586 3413 628 3472 ah'
644 3416 724 3473 initio
747 3427 812 3473 sunt
832 3414 946 3486 tribuit,
978 3415 1061 3472 alteri
1081 3413 1207 3491 reliqua,
1238 3427 1309 3489 quae
1332 3408 1403 3465 inei-

298 3495 380 3573 piunt
407 3496 451 3554 his
478 3496 589 3568 veritis,
621 3497 740 3578 perolio)
768 3495 820 3576 μὲν
847 3487 929 3569 οῦλις
948 3493 1019 3575 ἥδε,
1048 3497 1121 3555 inter
1143 3513 1224 3573 quem
1241 3511 1352 3552 versum
1374 3502 1404 3550 et

299 3597 362 3636 eum
385 3580 433 3657 qui
455 3581 599 3658 praecedit
619 3582 797 3640 interiectum
818 3581 934 3661 putabat
951 3581 1092 3639 canticum
1115 3577 1214 3648 abiis,
1239 3576 1287 3654 qui
1305 3573 1403 3633 modos

299 3662 436 3722 lacerent.
488 3664 567 3722 Talis
598 3665 702 3722 cantici
724 3664 829 3722 nullum
849 3665 998 3742 vestigium
1021 3674 1082 3734 est,
1115 3681 1167 3720 nec
1186 3659 1328 3739 διχορίαν,
1354 3655 1403 3716 sed

298 3747 442 3826 τριχορίαν
469 3749 521 3806 hoc
552 3767 665 3805 carmen
686 3746 781 3805 hahet.
826 3746 890 3804 Una
912 3748 986 3805 enim
1006 3746 1043 3806 de
1065 3744 1155 3805 trihus
1177 3744 1257 3802 chori
1277 3741 1406 3820 partibus

298 3829 392 3906 ignem
413 3832 441 3888 in
464 3842 545 3890 antro
563 3829 733 3888 accenderat
748 3830 831 3909 eique
850 3830 969 3889 lebetem
986 3849 1059 3908 equa
1076 3829 1187 3907 plenum
1213 3827 1400 3905 imposuerat:

300 3932 371 3991 quae
393 3911 543 3992 egrediens
564 3932 600 3972 ex
620 3925 702 3972 antro
717 3915 799 3971 canit
820 3914 962 3993 stropham
983 3934 1011 3972 v.
1034 3911 1225 3974 359-36u
1270 3908 1405 3986 Sequitur

300 3995 430 4056 mesodus
459 4018 487 4056 v.
512 3998 703 4057 367-371.
727 4015 809 4075 quam
839 3999 915 4056 canit
936 3994 1028 4055 media
1049 4015 1114 4075 pars
1136 3994 1227 4053 chori.
1271 3991 1403 4069 Denique

299 4080 384 4138 tertia
402 4081 485 4140 ebori
508 4099 572 4158 pars
594 4098 611 4136 a
632 4099 659 4137 v.
677 4081 750 4141 372.
776 4082 978 4160 antistropham
996 4081 1083 4152 can-it,
1108 4099 1164 4137 non
1181 4074 1403 4136 animadversam

298 4183 315 4221 a
344 4164 451 4223 criticis
480 4165 507 4220 in
539 4181 640 4240 magna
660 4182 715 4242 qua
735 4165 790 4224 hee
813 4183 926 4224 carmen
949 4164 1058 4224 laborat
1080 4163 1236 4241 scripturae
1257 4156 1405 4238 perturba-

297 4247 385 4305 tione.
436 4245 550 4304 Primus
579 4247 711 4325 strophae
738 4268 836 4308 versus
867 4251 908 4308 sic
936 4250 1057 4326 scriptus
1089 4255 1169 4304 erat:
1209 4238 1323 4324 εῦρείας
1348 4236 1405 4318 φύ-

296 4351 415 4411 ρυγγος,
443 4317 469 4390 oi
496 4323 637 4406 Κύκλωψ.
657 4393 658 4397 ,
682 4329 808 4411 Scripsi,
840 4342 871 4390 ut
893 4323 1057 4412 oportebat,
1087 4324 1218 4410 φάρυγος
1238 4337 1268 4385 et
1288 4321 1324 4388 tol
1345 4319 1405 4388 Κύ-

297 4418 390 4491 κλωψ.
432 4411 590 4472 Molossum
612 4426 768 4493 sequuntur
789 4416 844 4476 duo
867 4415 985 4475 Cretici.

379 4513 450 4575 361.
494 4514 574 4576 Vict.
610 4510 782 4598 ἀνθρακίας,
832 4515 929 4594 Vulgo
960 4513 1125 4593 legebatur:
1163 4507 1214 4572 uel
1241 4503 1407 4588 ἀνθρακιᾶς
