2994 5128
671 408 674 420 ι
779 339 845 386 xvl

251 515 288 580 nt
320 505 432 580 eadem
466 525 610 600 persona
641 523 703 597 per
735 505 837 572 totam
872 496 1033 586 fabulam,
1059 495 1140 568 'nisi
1175 495 1380 592 grayissima

252 633 364 730 aliqua
389 653 506 704 caussa
530 623 750 726 impediente,
791 623 831 697 ab
865 647 930 696 uuo
964 629 1039 694 acta
1070 621 1172 694 fuerit
1196 623 1379 696 histrione.

250 758 356 855 Atqui
395 757 431 828 iu
464 753 588 828 Oreste
628 753 699 824 sine
734 751 833 822 dubio
868 749 1084 822 difficillimae
1118 757 1195 820 snut
1226 748 1379 846 Phrygis

251 892 384 983 partes:
431 883 491 954 has
533 903 616 976 ergo
657 878 833 975 primarias
870 884 964 948 actor
998 875 1152 948 hahuisse
1188 875 1379 948 censendus

253 1011 329 1083 erit.
381 1008 436 1080 Ile
472 1006 593 1079 ceteris
624 1004 777 1101 personis
810 1011 960 1099 apertum
999 1010 1051 1074 est
1091 1025 1174 1099 quae
1208 1002 1306 1074 simul
1339 1002 1378 1073 in
1484 997 1485 1021 ¹

252 1160 353 1209 scena
380 1133 651 1229 conspiciuntur,
688 1153 708 1201 a
741 1129 881 1202 diversis
913 1128 1129 1200 histrionibus
1165 1153 1239 1219 csse
1266 1135 1377 1200 actas.

252 1261 463 1334 Enumeraho
491 1283 607 1330 scenas
633 1256 795 1354 appositis
824 1254 1009 1330 nominihus
1034 1277 1262 1351 personarum,
1289 1278 1376 1350 qnae

253 1389 311 1460 uhi
326 1393 476 1460 tacentes
493 1384 623 1476 adsunt,
651 1383 809 1456 cancellis
826 1380 1003 1454 includam.
1032 1385 1068 1455 l.
1084 1380 1237 1473 Electra,
1264 1379 1374 1477 (Ore-

254 1516 354 1611 stes.)
394 1516 431 1586 2.
458 1511 610 1602 Electra,
644 1509 788 1600 Helena,
817 1505 1005 1604 (Orestes.)
1048 1511 1085 1580 3.
1112 1507 1264 1598 Electra,
1289 1507 1374 1578 cho·

253 1667 328 1733 rus,
370 1637 525 1712 Orestes.
577 1641 615 1712 4.
655 1635 853 1725 Menelaus,
895 1632 1049 1707 Orestes.
1102 1634 1139 1708 5.
1182 1634 1375 1724 Menelaus,
1485 1685 1487 1708 f

254 1765 409 1858 Orestes,
436 1764 630 1861 Tyndarus.
672 1765 710 1838 6.
737 1761 927 1852 Menelaus,
955 1758 1108 1834 Orestes.
1152 1765 1190 1836 7.
1217 1759 1376 1852 Orestes,
1485 1767 1486 1770 ’

253 1892 412 1988 Pylades.
464 1894 501 1966 8.
535 1889 695 1980 Electra,
739 1888 886 1960 nuntius.
938 1889 977 1962 9.
1016 1886 1176 1980 Electra,
1218 1884 1376 1977 Orestes,

253 2019 412 2116 Pylades.
467 2020 527 2092 10.
553 2015 705 2107 Electra,
740 2017 874 2107 chorus,
900 2014 1032 2087 Helena
1048 2015 1151 2104 intus,
1177 2013 1376 2106 Hermiona,

255 2145 410 2220 Orestes.
447 2148 507 2219 ll.
534 2141 688 2235 Orestes,
714 2141 844 2238 Phryrr,
870 2143 1004 2214 chorus.
1040 2144 1101 2215 12.
1127 2140 1255 2236 Phryx,
1283 2137 1378 2212 Ore-

255 2281 338 2346 stes.
383 2275 443 2346 13.
468 2265 840 2361 Menelaus,Orestes,
869 2268 1059 2367 (Pylades.)
1097 2270 1157 2342 14.
1183 2266 1376 2358 Menelaus,

256 2397 411 2490 Orestes,
436 2397 576 2494 Apollo.
627 2395 668 2467 In
695 2396 822 2468 decima
854 2419 955 2468 scena
987 2395 1076 2492 quod
1105 2395 1195 2467 iores
1222 2393 1378 2489 aperiens

205 2551 208 2560 ·
256 2523 398 2598 Orestes
424 2524 523 2596 dicit:
552 2529 665 2623 σιγᾶν
687 2521 825 2620 χρεών·
852 2519 944 2618 ἡμῖν
968 2519 1042 2622 γὰρ
1067 2519 1176 2614 ἥκεις,
1204 2518 1289 2615 οὐχὶ
1315 2518 1377 2593 σοὶ

256 2647 432 2749 σωτηρία,
458 2649 567 2747 potuit
580 2648 739 2721 Electrae
765 2650 879 2741 trihni,
907 2673 991 2746 quae
1012 2647 1054 2720 G.
1069 2647 1277 2720 Lachmauui
1297 2671 1379 2720 sou-

256 2779 361 2851 tentia
387 2785 439 2849 est
463 2776 499 2848 in
523 2776 610 2847 libro
637 2799 734 2871 quam
767 2775 807 2846 de
841 2799 993 2848 mensura
1018 2775 1263 2872 tragoediarum
1289 2774 1377 2846 scri-

255 2905 324 3002 psit
355 2929 391 3000 p.
425 2904 488 2976 53.
546 2902 698 2997 Apparet
729 2923 773 2972 ex
808 2900 862 2972 his
893 2900 1065 2976 Electram
1098 2903 1133 2974 iu
1169 2924 1267 2974 scena
1301 2924 1376 2974 esse

174 3049 177 3054 “
256 3055 330 3103 oum
366 3027 510 3120 Oreste,
547 3052 620 3099 curu
655 3026 807 3119 Helena,
843 3050 917 3099 cnm
949 3027 1095 3124 Pylade,
1137 3052 1209 3100 cnm
1246 3028 1376 3119 nuntio,

150 3153 154 3158 ’
256 3181 330 3230 cnm
354 3155 555 3243 Hermioua3
588 3161 657 3226 tres
691 3155 790 3227 simul
822 3154 858 3226 iu
889 3179 990 3227 saeua
1015 3155 1164 3252 conspici
1190 3153 1375 3245 Electram,

257 3282 427 3374 Orestem,
453 3276 648 3370 Helenam,
669 3282 747 3353 item
774 3281 986 3374 Menelaum,
1025 3279 1200 3373 Orestem,
1236 3279 1376 3376 Tynda·

182 3429 185 3438 ’
256 3433 348 3496 rumy
374 3407 560 3499 Electram,
587 3404 756 3500 Orestem,
774 3408 952 3504 Pyladem3
978 3408 1183 3500 Menelaum,
1205 3405 1373 3498 Orestem,

255 3533 461 3630 Apollinem.
512 3533 572 3606 Ex
598 3534 715 3630 quihus
730 3535 904 3627 ‘sllicitum
945 3536 976 3607 si
1000 3543 1034 3608 et
1058 3534 1225 3631 Phrygem
1250 3535 1373 3631 prima·

256 3661 327 3734 rius
353 3669 447 3733 actor
473 3661 555 3757 egit,
582 3668 616 3733 et
643 3686 739 3757 quam
765 3663 839 3759 quis
865 3669 959 3736 actor
979 3686 1155 3759 personam
1182 3685 1281 3758 agere
1296 3685 1374 3733 coe·

256 3787 307 3885 pit
332 3794 462 3860 servata
490 3789 530 3859 uh
556 3813 596 3862 eo
624 3797 675 3862 est
700 3814 761 3886 per
786 3798 889 3862 totam
917 3790 1081 3880 sahulem,
1107 3789 1256 3886 primarii
1282 3795 1376 3860 acto·

256 3915 305 3988 ris
338 3915 442 3986 fnisse
467 3908 659 4008 Electram,
683 3915 911 4012 Tyndarum,
947 3915 1135 4013 Phrygem,
1164 3914 1373 4012 Apollinem

257 4041 446 4114 secundarii
472 4039 628 4114 Orestem
661 4050 695 4114 et
730 4043 900 4132 nuntium3
935 4044 1027 4115 tertii
1050 4042 1228 4134 Holenam,
1255 4039 1374 4114 Mene-

256 4169 364 4260 laum,
398 4166 579 4263 Pyladem,
614 4168 841 4242 Hermionam.
893 4168 979 4242 Nam
1007 4170 1066 4242 ille
1098 4170 1213 4260 locus,
1249 4169 1285 4240 iu
1306 4191 1373 4264 -qno

257 4302 374 4390 quarta
408 4295 557 4391 conspici
591 4319 735 4391 persona
772 4295 919 4388 videtur,
954 4297 990 4370 iu
1024 4303 1173 4369 exrema
1208 4319 1315 4368 scena·
1343 4319 1374 4366 r.

260 4422 463 4496 laetarum
489 4429 647 4512 actorem,
681 4422 738 4494 sed
772 4424 983 4496 simulacrum
1004 4423 1138 4520 aliquod
1163 4421 1316 4495 Helenae
1341 4423 1374 4494 in
1468 4503 1471 4514 ,

258 4545 391 4618 aethere
428 4546 633 4619 ostendebat.
684 4547 726 4620 Id
758 4549 899 4623 lortame
939 4547 1235 4650 παραχορήγημα
1267 4547 1376 4622 dicant
