3028 5136
699 189 815 324 ⁴llll

143 438 226 506 112⁰
235 437 385 533 Δελφοῦ
409 430 501 531 πρὸς
525 427 682 528 ἀνδρός,
709 425 832 529 ὧνπερ
858 428 972 512 αὐτὸς
995 429 1131 506 ὤλεσεν

235 565 382 634 πολλῶν
405 557 492 654 μετ’
519 557 659 640 ἄλλων·
686 554 738 638 ὥς
761 553 803 630 δέ
829 551 922 653 πρὸς
941 559 1055 655 γαῖαν
1079 551 1217 640 πίτνει,

233 681 290 766 τίς
314 682 359 757 ori
387 679 541 778 σίδηρον
566 678 780 778 προςφέρει,·
805 677 862 762 τίς
886 677 931 752 od
956 677 1111 776 πέτρον,

233 803 408 905 βάλλων,
434 801 613 903 ἀράσσων
620 834 638 896 ,·
669 809 747 878 πᾶν
772 801 812 876 δ’
840 797 1031 877 ἀνάλωται
1056 800 1173 898 δέμας

235 929 280 1006 τὸ
304 927 561 1029 καλλίμορφον
584 924 815 1028 τραυμάτων
839 925 911 1002 ἀπ’
939 926 1100 1029 ἀγρίων.Α

146 1049 372 1151 1125νεκρὸν
391 1051 432 1129 δὲ
458 1050 506 1149 δή
532 1082 613 1140 νιν,
640 1051 809 1148 κείμενον
833 1051 971 1149 βωμοῦ
995 1050 1126 1138 πέλας,

238 1179 414 1277 ἐξέβαλον
439 1177 544 1262 ἐκτὸς
568 1171 772 1254 θυοδόκων
794 1171 1027 1275 ἀνακτόρων.

237 1302 342 1399 ἡμεῖς
367 1301 392 1377 δ
395 1303 406 1330 ³
433 1297 714 1401 ἀναρπάσαντες
744 1299 796 1385 ὥς
819 1295 933 1396 τάχος
953 1303 1082 1397 χεροῖν

238 1423 442 1524 κομίζομέν
466 1423 529 1502 νίν
556 1453 612 1501 σοι
636 1429 866 1523 κατοιμῶξαι
893 1420 996 1526 γόοις

238 1549 399 1626 κλαῦσαί
423 1579 462 1626 τε
469 1605 482 1638 ,
508 1550 674 1650 πρέσβυ,
699 1557 767 1654 γῆς
791 1579 831 1624 τε
855 1556 1042 1646 κοσμῆσαι
1067 1543 1191 1649 τάφῳ.

148 1675 394 1759 113οτοιαῦο’
419 1675 439 1751 ό
463 1681 541 1760 τοῖς
566 1677 708 1751 ἀλλοισι
734 1672 925 1780 θεσπίζων
950 1675 1066 1761 ἄναξ,

240 1800 261 1876 ὁ
287 1808 366 1876 τῶν
389 1787 548 1876 δικαίων
572 1806 688 1874 πᾶσιν
714 1794 931 1895 ἀνθρώποις
954 1793 1098 1896 κριτής,

240 1923 349 2008 δίκας
371 1920 529 2000 διδόντα
555 1921 665 1998 παῖδ’
691 1921 822 2024 έδρασ’
841 1922 1046 2020 Ἀχιλλέως,

242 2266 298 2336 οὖν
318 2271 360 2346 είς
379 2264 499 2354 καιρόν,
526 2268 655 2344 dicatur,
679 2271 726 2331 bio
748 2271 840 2350 aptius
862 2270 900 2329 sit
920 2265 1030 2350 δαμείς,
1052 2267 1107 2326 nisi
1127 2261 1239 2350 πλεορά
1254 2265 1354 2348 δαμείς

242 2377 299 2416 non
325 2355 400 2415 bona
429 2365 505 2415 esset
531 2314 670 2434 l'oquutib.
713 2351 759 2414 Ae
781 2373 849 2412 sane
871 2351 947 2412 baud
968 2371 1034 2411 raro
1056 2352 1157 2412 scribis
1179 2351 1299 2426 aoeidit,
1323 2363 1355 2412 ut

243 2459 317 2520 quae
338 2440 451 2519 saepius
472 2439 541 2498 alibi
563 2439 700 2518 legissent
721 2438 852 2517 genuinis
873 2436 1086 2496 substituerent.

327 2529 419 2603 1120.
463 2537 545 2598 Libri
574 2533 640 2600 ἕνθ’
668 2533 851 2642 Ἀριλλίως
851 2539 949 2597 πιτνεῖ
972 2539 1044 2607 παῖς
1066 2525 1221 2638 όξυθήκτω
1245 2527 1357 2616 πλευρά

244 2617 385 2728 φασγάνῳ
405 2620 506 2694 τυπεὶς
527 2625 646 2698 Δελφοῦ
666 2643 741 2701 προς
762 2614 918 2700 ἀνδρός,”
900 2639 987 2698 οςιιερ
1008 2613 1098 2681 αὐτὸν
1118 2612 1223 2678 ίόλεσεν
1242 2622 1357 2680 πολλῶν

244 2699 307 2808 μετ’
326 2700 428 2766 ἀλλων.
470 2704 604 2782 Lenting'
577 2723 641 2808 pus
656 2713 769 2774 monet,
793 2704 852 2760 sive
868 2703 931 2798 quis
948 2701 1019 2760 haee
1035 2700 1139 2772 verba,
1163 2705 1278 2762 πολλῶν
1293 2699 1354 2780 μετ’
1389 2769 1404 2781 ,

183 2831 191 2841 ι
243 2783 355 2862 αλλων,
378 2807 441 2846 cum
463 2809 550 2867 οςιτερ
572 2781 663 2846 αὐτόν
685 2780 790 2846 ωλεσεν
811 2786 982 2861 coniungat,
1006 2784 1074 2862 sive,
1087 2785 1195 2844 referat
1215 2783 1252 2843 ad
1273 2805 1356 2864 prae·

112 2899 116 2907 =
192 2885 195 2890 “
244 2890 372 2949 gressum
393 2870 503 2944 πίτνει,
526 2880 556 2927 ut
577 2869 672 2927 multis
689 2887 752 2926 oum
770 2867 833 2925 aliis
850 2865 987 2925 cecidisse
1003 2865 1125 2940 dicatur,
1149 2869 1256 2928 utrovis
1273 2869 1357 2930 modo

244 2951 406 3032 praedicari
434 2950 619 3031 Neoptolemi
646 2948 852 3010 fortitudinem
896 2946 938 3009 At
959 2966 1023 3008 oum
1044 2951 1152 3026 πίτνει,
1179 2951 1355 3031 sicquidem

245 3036 368 3132 scripta,
391 3044 435 3094 tot
454 3034 549 3094 verbis
571 3035 745 3114 interpositis
763 3034 829 3104 vix,
854 3052 917 3092 oum
939 3029 1044 3098 ὤλεσεν
1063 3045 1156 3094 autem
1179 3035 1257 3094 nullo
1273 3047 1357 3115 pacto

246 3118 381 3197 coniungi
402 3129 530 3198 possunt.
576 3117 680 3176 Obstat
700 3117 775 3177 enirn
795 3127 928 3176 constans
946 3118 1036 3190 fama,
1061 3137 1133 3196 quae
1155 3116 1190 3176 ab
1213 3138 1270 3177 uno
1285 3119 1358 3179 Del

246 3202 320 3280 pbo,
345 3221 427 3280 quem
443 3201 618 3262 Machaerea
639 3213 752 3273 vocant,
777 3201 956 3260 interfectum
971 3199 1192 3281 Neoptolemum
1213 3202 1355 3280 perhibet,

247 3283 282 3344 de
305 3305 359 3364 qua
380 3283 438 3344 vid.
463 3285 554 3345 sobol.
577 3285 679 3364 Eurip.
704 3283 740 3344 ad
763 3283 861 3343 Orest.
882 3285 974 3348 1649.
998 3295 1028 3343 et
1051 3304 1121 3362 quos
1144 3285 1182 3342 ibi
1203 3286 1359 3345 nominavit

246 3367 404 3442 Matthiae3
428 3368 541 3427 obstant
562 3388 634 3448 quae
656 3377 830 3448 sequuntur,
854 3368 921 3446 qnia
942 3368 966 3426 si
988 3367 1116 3426 amultis
1135 3366 1291 3428 trucidatus
1313 3387 1359 3428 os·

247 3461 310 3522 set,
342 3452 382 3509 ita
403 3452 550 3510 confossus
571 3453 691 3525 fuisset,
723 3463 831 3510 utnon
853 3451 973 3548 amplius
995 3453 1022 3510 ei
1044 3461 1154 3508 mortuo
1177 3451 1360 3516 insultassent

247 3532 371 3612 Delphi,
401 3533 494 3594 obstat
514 3533 636 3614 denique
657 3533 732 3614 quod
754 3533 868 3592 omnino
891 3535 937 3592 rix
959 3532 1109 3637 quidquam
1133 3535 1254 3635 ineptius
1274 3546 1358 3615 atquo

247 3615 428 3676 absurdius
420 3629 474 3676 rsto
496 3616 686 3678 additamento
709 3636 771 3677 esse
791 3627 895 3695 potest,
919 3611 1005 3698 όςιτερ
1019 3611 1110 3678 αὐτόν
1126 3611 1230 3678 όίλεοεν
1245 3623 1359 3682 πολλῶν

248 3694 310 3779 μετ’
334 3695 445 3761 άλλωντ
470 3721 542 3781 quae
555 3701 650 3761 rerba
671 3703 824 3780 permirum
847 3710 891 3758 est
912 3699 993 3759 abl.
1018 3698 1057 3758 A.
1077 3699 1210 3778 Hartung
1192 3721 1228 3774 «νο
1250 3701 1278 3760 in
1301 3700 1359 3760 dis·

248 3785 404 3844 sentatione
425 3783 460 3844 de
482 3785 746 3864 interpolationibus
767 3781 924 3862 Euripidis,
949 3803 1031 3862 quam
1054 3781 1171 3843 editioni
1191 3748 1274 3864 lpbi
1258 3786 1358 3846 veniae

246 3863 413 3927 Aulidensis
435 3867 558 3940 adiecit,
582 3889 637 3926 non
660 3887 723 3927 esse
744 3886 798 3946 pro
816 3867 967 3946 suppositis
992 3877 1099 3938 nomta,
1123 3867 1356 3947 quamplurima,

249 3969 321 4028 quae
343 3971 426 4032 quam
449 3953 570 4010 maximo
592 3952 716 4030 genuina
737 3961 817 4022 sunt,
842 3949 877 4008 ab
900 3950 1149 4030 interpolatoribus
1166 3949 1277 4010 adiecta
1298 3952 1359 4010 exi·

249 4034 354 4092 stimet.
406 4033 513 4095 Essent
539 4034 627 4094 verba
656 4035 711 4092 ista
740 4035 801 4092 sins
823 4031 997 4093 dubitatione
1021 4031 1196 4106 damnanda,
1229 4035 1284 4094 nisi
1306 4054 1358 4094 nee

249 4114 306 4174 diei
336 4129 432 4196 posset
461 4138 516 4198 qua
545 4135 646 4177 caussa
675 4137 766 4196 quove
788 4118 907 4176 oonsilio
929 4115 1024 4174 addita
1045 4128 1155 4188 essent,
1185 4125 1215 4176 ot
1236 4119 1358 4195 genuina

249 4217 312 4258 esse
334 4212 418 4280 atquo
440 4202 585 4280 aptissima
606 4201 699 4259 statim
721 4211 888 4280 appareret,
921 4199 1089 4278 simulatque
1110 4201 1279 4258 tollerentur
1299 4211 1358 4258 tur-

249 4299 299 4360 pes
329 4283 464 4358 mendae,
496 4285 598 4363 quibus
626 4284 731 4342 factum
761 4294 806 4343 est
832 4294 863 4339 ut
894 4283 952 4339 siut
980 4277 1172 4356 absurda‚‘'
1155 4303 1260 4388 οςιτερ
1270 4277 1358 4345 αὐτὸν

250 4365 356 4442 soripto
378 4386 430 4444 pro
457 4386 492 4427 oo
514 4367 589 4445 quod
610 4377 694 4446 poeta
716 4375 849 4445 posuerat
870 4354 966 4447 όνπερ
987 4360 1085 4440 αὐτός.
1127 4367 1170 4425 lta
1191 4361 1281 4440 αὐτὸς
1301 4387 1357 4426 nou

249 4445 380 4525 Delphus
401 4450 468 4521 illo,
492 4448 541 4510 sed
563 4449 770 4528 Neoptolemus
790 4458 844 4507 est.
