3022 5140
639 254 704 348 ἐι

128 468 261 559 σχολῆς
287 458 371 534 τόδ’
399 459 527 558 ἔργον,
551 454 634 530 ἀλλ’
662 453 917 552 οἷνηβήτηρίαν

126 585 259 686 ῥώμην
283 583 328 680 μ’
355 585 494 658 ἐπαινῶ
519 574 748 677 λαμβάνειν,
782 581 881 678 ε’ίπερ
907 578 1007 656 ποτέ.

126 706 372 812 πρῶτονμὲν
397 703 467 784 οὖν
491 704 578 780 κατ’
605 700 738 804 οὖρον,
766 702 884 802 ὥςπερ
909 701 1050 795 ἱστίοις,

127 831 382 935 ἐμπνεύσομαι
406 828 512 926 τῇδ’·
540 826 635 916 εἶπέ,
673 827 748 904 τίνι
773 825 860 923 δίκῃ
881 826 995 926 χέρας
1109 839 1112 850 ’

128 957 326 1060 βρόχοισιν
350 951 571 1049 ἐκδήσαντες
594 951 669 1030 οἵδ’
694 951 828 1056 ἄγουσί
853 976 894 1027 σε

132 1083 197 1159 καὶ
220 1081 345 1158 παῖδ’·
372 1079 539 1177 ὕπαρνος
563 1073 637 1180 μοίρ
662 1105 718 1161 τις
741 1079 792 1162 ὣς
817 1075 1040 1162 ἀπόλλυσαι,

131 1209 239 1307 ήμῶν
264 1201 440 1282 ἀπόντων
463 1211 531 1280 τοῦ
555 1232 594 1277 τε
619 1200 750 1302 κυρίου
777 1199 898 1277 σέθεν.

480 1391 566 1461 ΑΝ
567 1388 782 1462 ΔΡΟΜΑ
788 1391 834 1460 Χ
837 1389 888 1462 Η.
926 1395 931 1405 ’

129 1524 221 1612 οἵδ’,
248 1520 279 1598 ὦ
304 1519 425 1626 γεραιὲ
431 1575 444 1609 ,
471 1519 542 1598 σδν
565 1520 684 1620 τίκνιρ
711 1518 953 1616 θανουμένην

130 1646 269 1752 ἄγουσί
292 1647 337 1744 μ’
365 1647 483 1728 οὕτως
509 1643 560 1727 ὥς
586 1643 686 1746 ὁρᾷς.
720 1641 757 1720 τί
783 1665 841 1718 σοι
866 1643 984 1746 λέγω

130 1775 176 1848 οὐ
206 1770 280 1876 γὰρ
305 1777 395 1868 μιᾶς
420 1796 459 1844 σε
485 1766 664 1864 κληδόνος
688 1766 885 1868 προθυμίᾳ

129 1898 339 1996 μετῆλθον,
367 1893 461 1970 ἀλλὰ
485 1893 633 1992 μυρίων
659 1893 727 1972 ὑπ’
755 1893 931 1998 ἀγγέλων.

132 2025 213 2120 ἔριν
236 2018 278 2095 δι’
302 2018 372 2117 τήν
395 2009 478 2094 κατ’
506 2018 610 2096 οἶκον
634 2017 751 2095 οἷσθοί
776 2049 850 2096 που
873 2016 998 2095 κλύων

137 2222 413 2236 -—--------·

217 2337 288 2402 539
310 2335 383 2400 540.
427 2335 523 2414 Vulgo
544 2329 607 2398 ἄλλ’
626 2329 878 2439 ίινηβητηρίοιν’
836 2359 937 2416 ρωμην
952 2333 1060 2397 ἐπαινω
1046 2328 1241 2414 λαμβάνειν,

110 2421 215 2502 -είπερ
242 2417 318 2482 ποτέ.
360 2417 430 2478 Ριιι.
453 2419 492 2478 A.
516 2419 612 2480 Havn.
636 2414 667 2497 μ’
692 2420 820 2480 inserunt
840 2431 905 2498 post
925 2413 1039 2498 ῥύμην,
1054 2417 1140 2522 quod
1161 2439 1242 2479 rece·

136 2514 240 2584 perunt
258 2502 411 2574 Ιλίιιδοιλλί,
428 2501 588 2606 Pssugkius,
609 2502 787 2579 Lentingius.
833 2503 1022 2561 Scholiastes:
1046 2525 1117 2581 ανη
1124 2503 1144 2580 β
1151 2526 1242 2583 quq

137 2587 234 2668 ρίαν.
237 2580 493 2689 ιἰνακμμστικήν,
515 2581 704 2660 ἀναζέουσιν,
731 2581 908 2668 νεοπεριιιήν.
937 2583 988 2646 καί
1009 2579 1133 2691 ίλλιορ
1128 2581 1242 2665 ἆνηβῶ-

136 2687 208 2743 σαν,
231 2691 329 2772 qap»
349 2691 419 2730 ανα
439 2691 514 2772 προς
534 2691 566 2731 το
587 2664 789 2772 λαμβανειν
805 2667 1028 2744 συντακτὲον
1013 2691 1042 2728 ιν
1075 2664 1242 2754 pe'cvutap-

134 2747 268 2857 βοίνειν’
252 2745 431 2856 perpetrataque
449 2747 536 2830 ἰσχύν.
559 2750 713 2813 ἐπαινῶ.
730 2736 886 2857 βμιίλομοιι,
901 2747 1069 2831 σἰστιιίζσμαι.
1098 2749 1243 2814 τουτέστιν

133 2831 231 2938 ἥδιστ’
250 2829 441 2937 ίινηβήσομαι,
465 2835 494 2896 εί
512 2857 556 2908 τις
570 2839 652 2898 θεῶν
666 2841 729 2898 καθ
748 2832 882 2918 Ὅμηρον
897 2835 992 2934 μέλλοι
1011 2839 1130 2918 γήρας
1150 2831 1242 2900 ίιπο-

39 2985 43 2996 ,
135 2913 472 2997 ξυσαςθήσειννέ
478 2913 709 2998 ονήβοίοντα.
752 2918 1167 3020 Ineptaqurdemhaecsunt:
1192 2920 1242 2980 sed

135 3001 287 3080 singularis
309 3002 381 3058 ratio
399 2999 536 3104 loquendi
558 3000 666 3062 ἔπαινοι
687 3024 721 3080 με
743 2998 912 3104 λαμβάνειν.
957 3003 1048 3061 Recte
1069 3022 1131 3061 eam
1153 3004 1242 3083 expli-

137 3096 185 3143 eat
181 3048 286 3162 ⁰„Pflu
270 3083 351 3142 otius
373 3077 461 3155 αὐτὸς
481 3082 594 3168 ἐμαυτῷ
613 3081 851 3164 παρακελεύομαι.
881 3085 1014 3144 Dubitari
1036 3097 1128 3144 tamen
1150 3099 1243 3164 potest

67 3241 71 3249 ⁸
136 3189 173 3228 au
202 3169 336 3271 sqriptum
365 3167 452 3224 fuerit
480 3145 595 3228 ἐπαιτιδ.
645 3167 795 3228 Caeterum
817 3169 996 3246 Hesychius:
1036 3163 1242 3251 ίινηβητηρίαν.

135 3256 197 3312 πᾶν
221 3244 377 3323 ίινανεάζον
401 3245 553 3350 νεότητρςι
577 3269 629 3328 μισ
653 3269 709 3330 quo
730 3251 759 3308 in
781 3250 907 3310 Bekkeri
928 3249 1040 3310 Anecd.
1064 3273 1093 3330 p.
1112 3253 1186 3323 402,
1208 3253 1240 3316 4.

137 3336 242 3412 legitur
260 3337 320 3394 πᾶν
340 3327 449 3394 ίινελδν
468 3327 611 3412 νεότητος

220 3437 292 3502 541.
343 3438 412 3498 Ald.
443 3439 506 3498 rell.
534 3434 650 3520 πρῶτόν
670 3461 702 3522 γε
722 3437 783 3519 μὲν.
825 3441 906 3498 Flor.
931 3440 962 3502 2.
1003 3440 1098 3500 Guelf.
1130 3447 1245 3524 πρῶτον

136 3518 190 3602 μὲν
208 3517 274 3582 κατ’
299 3543 396 3603 ουρον.
440 3521 554 3582 Caeteri
575 3523 641 3582 libri
662 3535 692 3582 et
712 3523 797 3584 Lasc.
821 3529 935 3605 πρῶτον
956 3519 1008 3606 μὲν
1028 3515 1092 3588 οὖν.

220 3619 292 3686 543.
337 3621 492 3682 Piersonus
509 3621 544 3682 ad
559 3622 655 3682 Moer.
674 3645 703 3702 p.
723 3622 794 3688 124.
813 3623 936 3682 malebat
951 3620 1129 3702 ἐνδήσαντες.
1165 3626 1190 3684 1
1191 3627 1245 3686 ibri

137 3724 235 3765 omnes
251 3699 432 3784 ἐκδήσαντες,
454 3703 528 3783 quod
546 3717 590 3766 est
608 3709 769 3804 alligatum3
793 3708 971 3784 referturque
992 3707 1028 3766 ad
1050 3728 1099 3768 eos
1120 3710 1168 3788 qui
1183 3728 1245 3768 eam

137 3787 263 3848 trahunt.
302 3785 372 3848 Non
393 3787 465 3846 dixit
486 3784 689 3870 ἐνδησάμενοι,
722 3792 788 3871 quia
809 3811 865 3849 non
887 3788 923 3848 ad
944 3807 1006 3849 sese
1028 3809 1089 3849 eam
1112 3790 1247 3867 alligare

138 3882 204 3929 rant
229 3871 376 3930 satellites.
426 3871 586 3946 Matthiae,
618 3875 666 3952 qui
684 3871 912 3932 Andromacham
935 3882 964 3930 et
984 3873 1070 3930 filium
1093 3890 1180 3932 exse
1203 3874 1246 3929 in-

137 3955 229 4013 vicem
250 3974 338 4013 nexos
360 3955 405 4032 sig
387 3955 515 4012 vnificari
539 3955 665 4036 putabat,
689 3971 778 4035 eoque
801 3966 929 4034 spectare
950 3949 1110 4034 σύγκρατον
1124 3976 1151 4013 v
1170 3954 1243 4016 483

138 4038 305 4115 neglexerat
326 4039 414 4096 solam
435 4037 663 4098 Andromacham
682 4039 805 4097 vinctam
827 4057 909 4107 esse,
933 4055 989 4094 non
1010 4055 1139 4114 puerum,
1163 4057 1245 4116 quem

138 4139 230 4198 nequa
252 4140 322 4200 opus
343 4132 406 4178 erat
422 4122 534 4194 vinciri,
558 4139 711 4198 manusque
728 4121 831 4180 liberas
851 4119 982 4178 habuisse
1003 4139 1038 4177 eo
1058 4130 1147 4198 patet,
1171 4117 1246 4198 quod

137 4222 273 4270 eumuna
289 4205 544 4264 secumexsolvere
560 4204 680 4264 vinculis
697 4214 814 4266 matrem
827 4201 932 4267 Peleus
949 4203 1026 4265 iubet
1046 4223 1074 4261 v.
1090 4203 1164 4267 709.
1183 4224 1244 4284 seq.

221 4302 294 4368 544.
339 4302 411 4376 Quis
433 4302 532 4363 eredat
551 4297 727 4380 Ptluglri0‘'
707 4322 837 4382 οπορνος
857 4295 930 4359 ab’
915 4307 1058 4382 αρνοῦμαι
1080 4313 1112 4360 ut
1133 4299 1250 4386 ἔξαρνος

127 4381 253 4444 'ductum
274 4385 366 4445 videri
386 4388 551 4489 potuisse?
567 4384 729 4465 etquidem
751 4396 851 4444 eontra
872 4386 1052 4464 interpretes
1064 4405 1180 4462 omnes,
1220 4399 1251 4446 ut

139 4469 273 4546 ipseait.
318 4469 499 4548 Hesychius:
531 4465 810 4550 enumeraturum,
833 4464 1056 4550 ίίρναςέχουσοι.

995 4567 1046 4632 qa
