3028 5136
806 253 856 327 96

379 435 502 511 οὐκέτι
525 462 591 530 μοι
614 434 736 537 μένος,
764 437 887 512 οὐκέτι
912 463 977 533 μοι
1003 439 1115 515 τέκνα

379 558 513 635 λείπετ’
539 559 726 642 ἐνοίκοις.

378 682 410 760 ὦ
436 683 597 778 σχέτλιος
621 684 777 760 παθέων
802 685 864 783 ἄρ’
892 680 985 787 ἐμοί,
1012 684 1122 784 φίλον

377 815 427 892 τίς
451 806 537 884 τίνα
561 809 716 906 βάλλων
739 809 924 907 τέρψομαι
951 807 1091 912 αι’-χοίςς
1161 873 1163 880 ,

377 931 409 1010 ὦ
433 932 559 1032 φίλιον
585 929 706 1032 στόμα
728 933 792 1008 καὶ
817 933 907 1035 χένο
933 933 996 1007 καὶ
1012 935 1135 1032 χέρες,

377 1060 456 1132 etus
483 1057 519 1132 σ’
544 1057 617 1133 ὑπ’
641 1057 733 1158 Ἰλίῳ
758 1059 872 1155 ἥναρε
897 1056 1046 1156 δαίμων

377 1181 609 1279 Σιμοεντίδα
633 1184 726 1283 παρ’
754 1175 885 1260 dende.

650 1367 654 1376 ’
711 1371 753 1440 Χ
761 1368 936 1442 ΟΡΟΣ.

275 1502 394 1584 οὕτως
417 1500 457 1603 χ’
485 1497 534 1574 δν
561 1497 611 1581 ὥς
636 1499 676 1573 ἐκ
702 1499 822 1576 τῶνδ’
849 1499 993 1598 ἐτιμᾶτ’
1020 1497 1087 1588 dr,
1115 1500 1244 1603 μόρον,

274 1622 430 1715 θανών,
456 1622 500 1699 τὸ
526 1621 594 1699 σὸν
619 1621 659 1697 δ’
685 1620 734 1718 ἦν
758 1620 831 1699 ὧδ’
858 1621 908 1698 ἂν
933 1624 1207 1724 εὐτυχέστερον.

277 1899 421 1962 Θεσσαλία
447 1910 561 1980 praeter
588 1896 669 1956 Flor.
697 1895 737 1956 A.
770 1899 799 1955 iu
828 1917 883 1976 qno
905 1909 949 1958 est
973 1898 1146 1973 Θεσσαλίας,
1176 1897 1252 1996 quod
1273 1903 1382 1980 recepi.

274 1983 350 2043 Num
372 1985 426 2043 etsi
448 1984 558 2082 prigiue
578 1980 746 2040 adiectivum
769 1990 813 2039 est
836 1981 996 2056 Θεσσαλία,
1025 1991 1118 2041 temen
1141 1983 1181 2040 ite
1202 1983 1230 2040 in
1253 1983 1384 2043 substen-

275 2069 362 2126 tirum
391 2068 495 2138 vertit,
527 2076 559 2123 nt
584 2063 697 2124 exuisse
727 2062 860 2124 adieetivi
888 2076 1017 2124 naturum
1045 2059 1185 2126 videntur.
1230 2063 1382 2126 Caeterum

273 2148 344 2209 Aid.
369 2160 398 2210 et
425 2150 511 2208 Lasc.
543 2150 614 2208 haee
643 2138 774 2206 verba
750 2172 773 2209 ω
792 2142 862 2209 πόλι
886 2148 1029 2210 Θεσσαλία
1056 2141 1232 2228 διολώλαμεν
1252 2161 1332 2210 recte
1354 2153 1383 2211 in

274 2253 360 2292 uuum
382 2252 493 2292 versum
515 2233 666 2291 coniuncte
688 2231 803 2290 habent.

357 2331 449 2395 1141.
493 2329 562 2391 Ald.
581 2330 667 2389 Lesc.
683 2341 887 2410 pentametrum
910 2329 1080 2411 dactylicum
1097 2326 1262 2390 hebent.'
1241 2326 1383 2433 μαχόμεθ’,

274 2409 371 2476 οὐκέτι
390 2437 441 2494 μοι
459 2414 559 2497 γένος,
581 2352 701 2476 οτίτιέτιΡ
696 2435 759 2494 μοι
766 2412 860 2476 τέκνα.
903 2414 983 2474 Fiur.
1005 2411 1046 2473 A.
1065 2413 1154 2474 Teur.
1179 2393 1276 2474 Gueii.
1301 2419 1383 2476 omit·

274 2509 336 2557 tunt
359 2521 439 2578 μοιτ
423 2495 526 2573 τ,έκνα
547 2517 617 2596 quos
633 2508 768 2577 sequutus
785 2495 1023 2602 estLentiqgius.
1063 2496 1158 2556 Hevu.
1176 2491 1382 2562 edueeteducet.

274 2579 459 2644 Ceneiunitus
488 2582 625 2640 orationis
651 2591 747 2640 monet
768 2591 799 2639 ut
819 2575 948 2683 ᾠχόμεθ’
972 2581 1122 2651 οἰὶοἰαλιιτ,
1153 2578 1229 2658 qued
1250 2583 1295 2641 vei
1317 2604 1385 2664 sup-

273 2666 444 2744 piementunu
473 2676 517 2724 est
544 2663 673 2735 metrici,
705 2663 753 2741 qui
783 2683 867 2742 quum
891 2653 914 2726 ὦ
934 2658 1019 2738 πόλι,
1049 2673 1081 2720 ut
1100 2621 1241 2724 Matthiae
1263 2666 1379 2746 aiiiqne,

273 2749 368 2806 versui
390 2748 482 2812 1143.
506 2744 642 2817 adderet,
673 2743 774 2824 pedem
796 2745 895 2806 deesse
915 2747 1044 2826 sequenti
1065 2743 1194 2819 videret,
1226 2748 1271 2807 vei
1294 2751 1383 2810 iuter-

271 2831 406 2910 protetio.

356 2930 450 2992 1147.
494 2927 574 2988 Flor.
597 2924 637 2987 A.
655 2899 781 2990 λείπεται
802 2926 916 2989 οἴκοισι.
959 2926 1040 2988 dier.
1055 2928 1087 2991 2.
1111 2925 1181 2988 Par.
1199 2927 1239 2988 D.
1258 2928 1383 2996 λείπεται

272 3010 449 3156 οῗκο’11411
492 3093 562 3152 Par.
579 3092 619 3154 A.
641 3093 736 3154 anu.
761 3117 785 3154 ω
771 3081 930 3195 ’σχέτλιος
950 3091 1072 3154 παθέων
1093 3087 1157 3176 ἐμοί.
1200 3091 1284 3154 Lesc.
1309 3092 1379 3158 Aid.

271 3189 303 3238 et
322 3176 425 3257 reliqui
446 3165 555 3236 tibi-i*
530 3201 554 3238 ω
575 3175 685 3280 σχέτλια
705 3117 899 3258 παθδινέχοό.
940 3175 1054 3236 Deinde
1074 3174 1144 3236 Aid.
1168 3177 1232 3236 reli.
1256 3177 1298 3251 τίς
1318 3180 1383 3242 τίνα

272 3255 309 3340 δὴ
339 3261 426 3339 φίλον
453 3255 546 3342 αὐγὰς
572 3257 788 3341 βόλλαντέρψ
744 3274 866 3341 ρψ.ομαι
908 3259 994 3320 Lese.
1026 3270 1056 3319 et
1077 3256 1161 3319 codd.
1190 3260 1298 3338 φίλων,
1327 3263 1382 3321 uisi

272 3341 385 3424 quode
408 3345 437 3403 in
460 3342 529 3402 Pur.
552 3342 592 3403 A.
617 3345 869 3423 suprascriptum.
913 3342 985 3401 Tum
1008 3340 1093 3401 Lusc.
1115 3352 1144 3402 et
1168 3341 1251 3401 codd.
1275 3340 1381 3423 βαλὼν.

270 3426 397 3488 Mettum
419 3424 562 3525 quidem
553 3449 582 3486 ιο
605 3428 648 3487 his
671 3425 805 3485 habemus
828 3425 1015 3505 dactylicum,
1045 3423 1094 3484 sed
1115 3424 1234 3504 pedibus
1253 3427 1309 3486 aiio
1334 3449 1382 3487 or·

271 3509 337 3570 dine
366 3512 481 3590 positis,
514 3530 606 3608 quum·
627 3511 675 3589 qui
705 3509 734 3566 iu
764 3509 940 3588 antistropha
969 3518 1023 3567 est.
1076 3506 1109 3567 11
1132 3529 1187 3568 uon
1208 3507 1322 3568 credam
1345 3511 1380 3568 nb

269 3593 408 3696 Euripide
435 3596 476 3653 sic
506 3613 569 3654 esse
598 3593 772 3664 institutum,
803 3590 853 3650 sed
879 3592 984 3650 fectum
1006 3611 1023 3650 e
1045 3591 1189 3664 metricis,
1222 3612 1306 3694 quupu
1328 3587 1379 3674 αρ’

270 3689 336 3737 ente
357 3671 413 3760 έχδ
434 3675 597 3737 excidisset.
629 3672 794 3774 Euripides
815 3675 857 3733 sie
876 3675 1023 3774 scripserit
1044 3691 1160 3732 necesse
1182 3684 1241 3734 est.
1272 3699 1295 3736 ω
1282 3662 1381 3774 'eqd-

267 3765 346 3835 τλιος
365 3754 528 3824 παθέων”
510 3753 556 3839 αρ’
581 3751 652 3840 eye,
674 3757 761 3834 φίλον
780 3757 822 3830 τί,
842 3757 907 3819 τίνα
928 3752 1042 3837 βάλλων
1062 3755 1206 3837 τέρψομαι
1228 3752 1338 3840 adpetis,-

352 3861 445 3924 1153.
488 3845 1380 3960 Α11.1011.οὗτοςμ1νουνέτιτα”ννδ’έτιμᾶτ’ἀν,χέρον.

268 3941 354 4004 Lase.
385 3941 466 4008 Fine.
496 3938 537 4001 A.
566 3941 615 4004 10.
646 3940 742 3999 Hevn.
766 3938 835 3998 Par.
859 3938 899 3999 D.
924 3929 1012 4013 ουτός
1038 3933 1065 4002 τ’
1095 3963 1133 4000 αν
1159 3961 1199 4012 ως
1227 3936 1260 3999 ἐκ
1279 3934 1379 4001 τῶνδ’.

268 4027 339 4088 Item
361 4024 430 4084 Per.
454 4023 492 4084 Ε.
517 4025 572 4084 nisi
593 4022 668 4128 quod
688 4022 719 4086 ἐν
738 4044 803 4130 pro
812 4021 845 4084 ἐκ
867 4023 970 4094 hehet,
999 4032 1029 4081 et
1048 4020 1118 4082 Per.
1141 4018 1181 4079 A.
1206 4022 1254 4101 qui
1277 4043 1378 4093 ουτος.

267 4108 363 4212 Atque
384 4108 473 4170 Teuc.
498 4107 595 4166 Gueli.
619 4102 759 4180 ουτωςτ’
783 4130 821 4168 αν
841 4105 892 4168 καί
913 4103 945 4168 ἔτι
965 4100 1064 4167 τῶνδ’.
1107 4103 1294 4162 Scribeudum
1317 4113 1379 4163 erat

268 4214 362 4267 ουτως
388 4187 430 4294 χ’
450 4185 487 4252 ἂν
516 4186 557 4263 τός
585 4188 618 4251 ἐκ
646 4185 744 4252 τῶνδ’.
794 4188 862 4248 Non
885 4187 957 4248 bene
976 4186 1123 4246 Personns
1145 4187 1236 4265 praei.
1260 4183 1375 4246 Hecub.

267 4296 297 4354 p·
316 4277 368 4338 32
393 4265 481 4347 οὗτός
500 4268 541 4355 χ’.

352 4372 444 4436 1154.
488 4365 618 4434 Libri*
590 4395 622 4434 το
643 4365 761 4433 σὸνδ’.
803 4369 871 4430 Νοσ
894 4367 1029 4428 recteL.
1053 4366 1220 4428 Diudoriins
1242 4389 1305 4428 curu
1327 4387 1377 4427 eu-

268 4475 322 4534 que
343 4451 542 4532 Pssugkius
513 4479 546 4516 το
568 4450 623 4516 σον
642 4477 659 4515 τ
696 4465 725 4512 et
746 4455 775 4511 in
796 4449 984 4531 praecedente
1004 4470 1089 4511 versu
1111 4440 1197 4523 οὗτός
1217 4446 1256 4512 τ’.
