3026 5134
671 295 695 364 5

124 491 267 591 ταύτην
293 491 416 591 εὑριδν
439 493 532 580 άξοι,
553 490 645 588 μηδ’
676 488 725 566 ἄν
745 490 861 565 αὐτὸν
875 491 1093 565 ἐπανελθεῖν
1111 489 1246 564 σ’ίκαδε.

125 611 283 711 Κάδμος
314 609 356 685 δὲ
390 609 458 685 οὐκ
490 610 587 704 ἔχων
620 607 641 683 ὅ
672 637 708 681 τι
733 607 796 682 καὶ
821 605 980 706 δράσειε,
1005 602 1126 702 μόνην
1150 608 1246 708 ίγνω

125 741 192 830 τῆς
223 727 381 826 ἀπορίας
412 723 520 801 λύσιν
551 729 782 825 καταφυγεῖν
808 730 858 808 εἷς
874 720 1038 798 Ἀπόλλω
1064 723 1136 796 κάκ
1160 719 1247 798 τού-

125 849 195 926 του
227 855 373 951 γναῖναι
406 843 443 918 τί
475 843 534 918 δεῖ
570 847 698 918 ποιεῖν.
732 840 859 917 ἐλθὼν
894 837 963 916 οὗν
994 845 1045 922 εῖς
1079 838 1247 937 Δελφούς

126 971 236 1066 ἤρετο
267 972 404 1039 τοῦτον
435 960 518 1059 περὶ
541 968 606 1057 τῆς
631 957 809 1057 ἀδελφῆς·
835 957 899 1032 καῖ
925 957 964 1040 ὃς
986 966 1061 1053 χρᾷ
1086 954 1157 1053 μὲν
1183 955 1247 1030 οὐ·

128 1085 196 1162 δίν
228 1083 331 1180 αὐτῷ
357 1075 440 1177 περὶ
463 1087 528 1175 τῆς
555 1073 751 1174 Εὐρώπης,
788 1074 881 1176 λέγει
907 1069 948 1150 δὲ
973 1073 1023 1156 ὥς
1048 1068 1247 1156 ἐξελθόντα

129 1205 294 1289 ἐκεῖθεν,
319 1194 642 1292 -άκολουθήσαντα
675 1194 752 1291 βο’ί·,
787 1190 823 1266 οῖ
858 1191 908 1266 δν
943 1187 1036 1285 αὕτη
1069 1217 1110 1290 γε
1143 1189 1246 1285 πέσῃ,

129 1323 236 1396 κάκεῖ
265 1315 402 1406 κτίζειν
433 1312 552 1389 πόλιν.
587 1311 606 1386 ὁ
638 1309 679 1386 δὲ
714 1309 879 1392 πεισθεὶς
908 1316 962 1405 τῷ
995 1314 1153 1404 χρησμῷ
1178 1304 1272 1400 τήν,

128 1439 201 1538 μὲν
226 1435 317 1536 πρὸς
341 1432 410 1530 τήν
435 1429 598 1528 πατρίδα
613 1425 798 1502 ἐπάνοδον
824 1431 934 1512 εἴασε,
959 1426 1059 1521 βοῦν
1085 1421 1126 1496 δὲ
1151 1421 1247 1496 κατὰ

128 1553 247 1652 τύχην
280 1548 401 1650 εὑρών
430 1545 596 1650 ἡγεμόνα
620 1554 686 1641 τῆς
711 1543 802 1618 ὁδοῦ
828 1537 1033 1636 ε’ποιήσατο.
1067 1533 1249 1634 ἐλθούσης

130 1673 172 1750 δὲ
206 1672 321 1767 αὐτῆς
351 1671 393 1742 ἐν
425 1661 456 1764 ᾦ
487 1673 561 1741 νῦν
592 1653 765 1759 ἑστήκασι
789 1645 891 1755 τόπῳ
918 1657 957 1730 αί
986 1657 1119 1752 Θῆβαι,
1145 1653 1250 1726 κᾶκεῖ

130 1795 358 1889 παραχρῆμα
383 1780 574 1877 πεσούσης,
601 1779 697 1882 ἔγνω
722 1805 761 1851 τε
788 1770 895 1868 οὗτος
918 1772 987 1848 τὸν
999 1769 1172 1869 χρησμὸν
1189 1796 1248 1842 τε-.

130 1905 322 2007 λεςφόρον,
348 1902 411 1979 καὶ
436 1898 544 1975 πόλιν
569 1894 778 1972 ἑπτάπυλον
795 1892 907 1984 κτίζει
925 1889 992 1972 τάς
1009 1885 1134 1984 Θήβας
1148 1884 1249 1981 ὁμω-

18 2103 23 2108 .
129 2025 275 2124 νύμους
304 2030 383 2096 τοῖν
409 2013 716 2094 ἕκατονταπύλων
740 2009 958 2114 Αἰγυπτίων
985 2006 1134 2104 Θηβῶν,
1157 2029 1250 2098 χρη--1

131 2143 292 2244 σάμενος
315 2135 530 2234 ἐπιστήμσνι
554 2143 619 2230 τῆς
643 2130 840 2226 οἰκοδομῆς
854 2126 916 2201 καὶ
929 2121 1064 2226 ἐργάτῃ
1074 2117 1266 2218 Ἀμφίονι,

130 2272 185 2362 τῷ
211 2265 399 2359 μουσικῷ·
426 2263 563 2329 τοῦτον
587 2247 660 2352 γάρ
687 2271 805 2347 φασιν
822 2236 1125 2340 ἀνακρουόμενον
1142 2235 1250 2333 μίλος

130 2382 281 2482 θέλγειν
313 2404 352 2450 τε
371 2381 438 2470 τῷ
470 2370 568 2469 μίλει
593 2367 680 2449 τοὺς
705 2362 856 2450 λίθους,
887 2358 951 2433 καὶ
977 2349 1251 2449 άλλεπαλλήλως

133 2487 262 2574 αύταῖν
286 2489 497 2590 τιθεμένων
522 2484 712 2568 ἀποδεῖξαι
737 2470 785 2556 τὰ
809 2477 927 2574 τείχη·
955 2469 1072 2556 πύλας
1096 2468 1138 2546 δι’
1156 2471 1251 2564 ἔχειν

131 2617 201 2714 τήν
232 2609 340 2688 πόλιν
372 2603 478 2696 ἑπτά,
511 2601 633 2698 ἐπειδὴ
658 2599 721 2676 καὶ
746 2599 781 2674 οἱ
804 2605 869 2692 τῆς
893 2589 1007 2692 λύρας
1028 2585 1133 2664 τύνοι
1159 2585 1250 2660 ἑπτά

133 2742 214 2810 ελσι.
240 2727 371 2806 καὶτὸ
395 2725 466 2824 μὲν
490 2720 670 2820 μυθῶδες
693 2725 879 2792 τοιοῦτον·
908 2710 1109 2784 πέπλασται
1129 2703 1170 2780 δὲ
1186 2691 1250 2777 δεδι

132 2852 177 2946 τὸ
210 2852 332 2949 άκρως
354 2841 548 2944 ἡρμόσθαι
572 2840 620 2914 τὰ
645 2834 744 2934 τείχη
770 2829 1009 2934 προςάλληλα.
1034 2825 1058 2922 ή
1084 2821 1157 2926 γ’δρ
1182 2820 1251 2918 άρ-

133 2968 248 3070 μανία
273 2972 451 3064 μουσικῆς
473 2961 583 3036 ῖδιον.

237 3081 391 3180 Κάδμος
431 3076 500 3154 οὖν
531 3074 652 3178 γήμας
685 3081 750 3166 τῆς
777 3062 999 3164 Ἀφροδίτης
1023 3057 1093 3132 ’καὶ
1120 3057 1254 3151 ’Ἀρεως

136 3204 256 3282 παῖδα
274 3196 477 3300 Ἁρμονίαν
502 3193 671 3296 ἐγέννησε
697 3181 944 3278 Πολύδωρον,
978 3177 998 3250 ὃ
1024 3173 1066 3248 δὲ
1091 3167 1254 3267 Λάβδα-

136 3351 217 3414 κον,
244 3322 263 3396 ὃ
290 3317 331 3394 δὲ
356 3313 492 3390 Λάϊον.
519 3304 627 3390 οὗτος
651 3293 876 3402 ἀφικόμενύς
900 3321 986 3369 ποτε
1005 3296 1055 3373 είς
1067 3281 1176 3361 Ἦλιν
1192 3284 1255 3358 καὶ

107 3529 109 3534 ,
136 3442 205 3519 τὸν
229 3446 297 3514 τοῦ
325 3435 492 3513 Πέλοπος
516 3427 602 3504 υἱὸν
627 3419 852 3523 Χρύσιππον
878 3409 986 3500 λδαίν,
1014 3409 1054 3490 ὃς
1072 3401 1120 3502 ἦν
1136 3403 1173 3486 ἐξ
1190 3402 1256 3474 άλ-

138 3571 202 3660 λης
234 3559 337 3653 αὐτῷ
370 3547 546 3656 γυναικὸς
577 3541 641 3621 καὶ
674 3540 742 3616 ούκ
774 3539 814 3612 ἐκ
845 3541 910 3630 τῆς
934 3521 1127 3629 θυγατρὸς
1147 3523 1256 3596 Οἰνο-

138 3677 239 3779 μάου
267 3665 544 3767 Ἱπποδαμείας,
576 3661 639 3739 καὶ
673 3656 783 3740 ἁλούς
814 3647 950 3728 τούτου
985 3638 1171 3738 κατάκρας
1201 3642 1255 3730 τῷ
1328 3698 1334 3704 ,

140 3797 261 3889 ἔρωτι,
293 3785 464 3888 ἁρπάσας
494 3791 544 3868 εἰς
580 3777 703 3879 Θήβας
734 3775 874 3872 ήνεγκε.
907 3764 971 3840 καὶ
1004 3764 1122 3850 συνῆν
1153 3751 1256 3844 αὐτῷ

142 3911 189 3985 τά
215 3905 383 4006 ἐρωτικά,
409 3913 553 4002 πρῶτος
578 3903 619 3974 ἐν
635 3887 853 3989 ἀνθρώποις
872 3883 941 3977 τὴν
956 3863 1257 3973 ἀρρενοφθορίαν
1302 3920 1306 3926 ·

143 4021 279 4126 εὑραίν,
311 4021 441 4105 καθιδς
467 4019 513 4115 δή
539 4016 603 4092 καῖ
629 4011 649 4086 ὁ
675 4005 770 4086 Ζεύς
795 4005 836 4076 ἐν
859 4002 970 4103 θεοῖςΙ
987 3990 1055 4068 τὸν
1080 3991 1117 4060 Γ
1115 3975 1258 4077 αννμή-
1345 4029 1351 4038 -

143 4147 216 4243 δην
241 4135 428 4240 ἁρπάσας·
456 4137 476 4216 ὃ
502 4133 545 4210 δὲ
570 4129 702 4223 Πίλοηι
727 4117 870 4220 μαθων
890 4121 1001 4204 τοῦτο
1025 4097 1259 4201 κατηράσατο
1279 4191 1288 4202 .

143 4263 256 4358 Λαίῳ
281 4255 462 4356 μηδέποτε
488 4251 558 4348 μὲν
583 4243 700 4320 παῖδα
725 4241 853 4324 τεκεῖν,
880 4238 912 4306 ελ
937 4230 972 4304 δ
999 4216 1073 4324 άρα
1087 4218 1150 4296 καὶ
1164 4240 1259 4312 συμ-

145 4382 248 4482 βαίη,
274 4375 332 4453 ὑπ’
370 4373 488 4448 αὐτοῦ
519 4374 655 4441 τοῦτον
690 4349 1020 4455 ἀναιρεθήσεσθαι.
1052 4338 1116 4416 διά
1141 4343 1259 4410 ταῦτα

146 4498 264 4576 πολὺν
287 4493 360 4594 ήδη
382 4487 523 4591 χρόνον
549 4484 571 4560 ὅ
594 4476 714 4562 Λάϊος
740 4477 850 4555 ἅπαις
874 4466 930 4545 δν
954 4457 1196 4565 παραγίνεται
1212 4457 1262 4566 εἰς
