3028 5136
767 307 830 361 'er

252 477 340 576 apud
366 473 592 550 Gaislordium
626 477 692 574 vol.
717 475 784 550 IV.
808 501 843 574 p.
867 477 925 550 11.
959 476 1117 574 legimus:
1150 474 1356 574 Εὐριπίδου

256 592 413 688 Θυέστῃ·
1047 597 1049 602 ’

378 720 570 807 οὐπώποτ’
596 696 707 832 i‘pyov
726 739 868 827 μᾶλλον
893 728 1043 828 εἱλόμην
1068 728 1211 834 λόγους.

253 890 352 984 Quod
372 888 525 986 neglexit
550 887 727 964 Matthiae.
777 889 851 966 Neo
872 893 901 964 si
922 917 1099 990 puerorum
1123 892 1278 966 mactatio
1300 918 1359 966 ar·

253 1015 442 1108 gumentnm
475 1007 629 1105 praebuit
663 1008 814 1103 Cressis,
849 1009 1025 1108 quidquam
1058 1034 1194 1084 caussae
1219 1019 1288 1103 est,
1323 1020 1359 1085 ut

254 1121 409 1200 exsilium
442 1124 611 1222 Thyestae
639 1151 718 1224 non
736 1129 837 1201 fuerit
868 1128 936 1200 alia
967 1127 1139 1224 tragoedia
1170 1136 1359 1204 tractatum.

255 1242 368 1334 Quare
402 1241 569 1338 Thyestes
604 1269 670 1317 non
712 1244 840 1318 videtur
874 1270 917 1318 cx
948 1269 1083 1318 numero
1114 1245 1361 1342 tragoediarum

253 1357 427 1458 Euripidis
440 1359 641 1434 ¹animandos
662 1386 747 1436 esse.
795 1361 903 1436 Index
920 1362 1119 1455 fabularum,
1144 1363 1201 1461 qui
1223 1389 1262 1436 eo
1283 1364 1359 1437 loco

256 1502 320 1577 quo
355 1477 522 1574 Thyestes
554 1474 717 1552 nominari
748 1487 880 1578 poterat
900 1482 1081 1574 mutilatus
1107 1489 1179 1575 cst,
1211 1489 1361 1556 neutram

254 1597 291 1668 in
314 1603 441 1695 partem
467 1597 562 1669 testis
586 1623 659 1672 esse
682 1606 805 1698 potest.
856 1598 928 1675 Sed
953 1598 1035 1672 satis
1060 1596 1102 1671 de
1123 1597 1189 1671 bis.

336 1745 542 1836 ‘Dicendum
574 1789 662 1837 nuno
692 1773 744 1838 est
775 1765 816 1839 de
846 1774 937 1860 arte,
973 1783 1040 1863 qua'
1068 1765 1121 1852 nsi
1145 1771 1223 1843 suut
1243 1752 1362 1860 poetae

255 1879 291 1952 in
318 1877 480 1956 faciendis
509 1880 631 1954 fabulis
655 1881 820 1976 satyricis.
874 1882 963 1957 Nam
996 1883 1061 1956 etsi
1087 1878 1231 1978 Cyclops
1255 1877 1362 1954 Euri-

255 1995 344 2095 pidis
370 1998 468 2070 unica
488 1997 585 2069 nobis
610 2023 654 2071 ex
676 2006 725 2070 tot
751 2001 902 2096 satyricis
921 2000 1043 2073 fabulis
1064 2005 1227 2096 superest,
1251 2006 1363 2071 tamen

257 2117 312 2189 uel
352 2141 396 2189 ex
427 2114 492 2188 hoo
524 2113 669 2188 carmine
705 2116 864 2214 quaedam
898 2120 990 2215 leges
1026 2116 1176 2190 videntur
1206 2115 1363 2210 cognosci

256 2255 368 2331 posse,
394 2257 474 2332 quas
498 2231 563 2306 sibi
588 2233 621 2304 in
644 2230 707 2307 boo
728 2259 850 2332 genere
871 2235 1066 2335 scripserint
1083 2241 1214 2332 poetae.
1253 2232 1363 2325 Quum

257 2351 345 2425 enim
379 2375 445 2423 non
477 2345 513 2422 in
546 2375 586 2424 eo
618 2361 806 2426 versaretur
834 2355 945 2452 poesis
977 2353 1141 2450 satyrica,
1180 2358 1217 2443 nt
1245 2373 1363 2446 gaves

257 2467 417 2567 personas
450 2469 533 2558 naui
563 2478 597 2543 at
629 2471 831 2569 contemptui
856 2479 1058 2570 exponeret,
1092 2468 1151 2543 sad
1176 2475 1213 2540 nt
1233 2474 1364 2541 servata
1505 2461 1507 2468 ’

258 2611 371 2658 aarum
402 2585 563 2683 dignitate
597 2599 781 2684 satyrorum
812 2591 965 2686 petulans
994 2587 1132 2660 lascivia
1162 2583 1364 2681 hilaritatem

258 2704 442 2796 excitaret,
477 2712 733 2778 consentaneum
766 2715 859 2799 erat,
897 2716 933 2779 ut
968 2729 1075 2780 sermo
1108 2705 1144 2775 in
1177 2685 1364 2777 universnm

166 2815 167 2818 '
257 2823 346 2896 idern
379 2829 467 2896 esset
501 2821 557 2918 qui
595 2822 631 2892 in
663 2823 853 2920 tragoedia,
892 2823 951 2897 scd
984 2821 1235 2895 admitterentur
1266 2821 1365 2895 etiam

258 2942 359 3014 uerba
386 2938 607 3037 loquendique
628 2939 754 3012 formae
776 2965 819 3013 ex
842 2937 1033 3037 quotidiano
1053 2965 1115 3012 usu
1137 2940 1274 3038 petitae,
1300 2964 1367 3012 nu-

259 3058 407 3154 merique
438 3079 589 3130 uersuum
622 3056 747 3156 aliquid
776 3056 818 3132 da
843 3059 1017 3132 seueritate
1042 3054 1156 3154 legum
1184 3081 1267 3155 quae
1293 3066 1366 3131 tra-

259 3174 389 3274 goediis
413 3175 568 3273 propriae
591 3184 669 3248 snut
693 3175 910 3251 remitterent.
959 3175 1008 3250 Et
1031 3175 1095 3249 duo
1121 3175 1252 3273 quidem
1276 3183 1367 3269 sunt,

261 3317 345 3392 quae
364 3291 536 3389 tragoedia
556 3291 786 3392 adspernatnr,
806 3298 939 3394 longam
962 3295 997 3367 in
1018 3294 1125 3393 prima
1143 3301 1237 3392 parte
1260 3295 1368 3391 quinti

259 3411 484 3484 trimetrorum
508 3410 603 3508 pedis
628 3414 800 3509 syllabam,
827 3439 910 3513 quae
936 3422 993 3486 aut
1017 3413 1128 3486 iinalis
1151 3411 1196 3484 sit
1215 3409 1368 3484 vocabuli

259 3529 374 3626 plures
406 3529 551 3624 syllabas
587 3529 761 3622 babentia,
797 3539 853 3604 aut
885 3532 929 3604 sit
960 3532 995 3602 in
1030 3554 1111 3604 uoco
1142 3530 1368 3627 monosyllaba
1511 3563 1512 3632 3

260 3669 336 3719 cum
365 3643 640 3744 praecedentibus
671 3648 781 3721 uerbis
804 3648 909 3745 magis
935 3672 1032 3745 qnam
1058 3672 1130 3720 oum
1155 3648 1369 3744 sequentibus
1511 3641 1512 3644 '

260 3762 503 3861 coniungenda,
524 3762 589 3834 nisi
611 3765 724 3861 paullo
746 3774 823 3838 ante
845 3789 1041 3863 praegressa
1062 3765 1107 3836 sit
1126 3763 1368 3864 interpunctio;

182 3959 183 3962 ,
262 3881 380 3955 deinde
422 3889 655 3978 anapaestum,
698 3883 755 3979 qui
793 3906 859 3955 non
898 3883 943 3955 sit
977 3882 1011 3954 in
1053 3882 1185 3955 nomine
1219 3881 1368 3980 propriu.

261 3997 424 4075 Neutrum
456 4000 599 4073 alienum
632 4007 684 4074 est
710 4024 730 4071 a
760 4001 855 4098 poesi
887 4000 1050 4096 satyricae
1072 3999 1143 4073 'scd
1167 4025 1240 4073 eam
1261 4000 1370 4096 legem

263 4117 470 4192 observatam
499 4143 572 4192 osse
598 4116 743 4192 ostendit
768 4115 932 4215 Cyclops,
962 4128 999 4193 ut
1024 4119 1224 4216 tragicarum
1250 4141 1369 4215 persu-

262 4257 378 4307 narum
411 4235 518 4310 oratio
548 4236 632 4308 nibil
665 4238 706 4309 ab
732 4237 908 4311 severitate
933 4237 1134 4334 tragicorum
1160 4258 1369 4308 numerorum

263 4351 430 4448 discedat,
457 4379 540 4453 quae
566 4364 674 4429 autem
699 4356 802 4451 satyri
828 4356 1017 4455 similesque
1041 4363 1226 4452 satyrorum
1251 4375 1371 4449 perso·
1511 4363 1512 4380 l

262 4492 327 4545 nae
349 4473 539 4570 loquuntur,
566 4474 601 4545 in
628 4473 671 4546 iis
693 4481 728 4547 at
752 4475 872 4572 longae
898 4474 955 4548 isti
979 4473 1083 4571 quinti
1104 4470 1198 4570 pedis
1222 4471 1370 4568 syllabae
