<?xml version="1.0" encoding="UTF-8"?>
<!DOCTYPE html PUBLIC "-//W3C//DTD XHTML 1.0 Transitional//EN"
    "http://www.w3.org/TR/xhtml1/DTD/xhtml1-transitional.dtd">
<html xmlns="http://www.w3.org/1999/xhtml" xml:lang="en" lang="en">
 <head>
  <title>
</title>
<meta http-equiv="Content-Type" content="text/html;charset=utf-8" />
  <meta name='ocr-system' content='tesseract 3.04.00' />
  <meta name='ocr-capabilities' content='ocr_page ocr_carea ocr_par ocr_line ocrx_word'/>
</head>
<body>
  <div class='ocr_page' id='page_1' title='image "./euripidistragoe09eurigoog/euripidistragoe09eurigoog_0574.png"; bbox 0 0 3032 5132; ppageno 0'>
   <div class='ocr_carea' id='block_1_1' title="bbox 658 317 730 390">
    <p class='ocr_par' dir='ltr' id='par_1_1' title="bbox 658 317 730 390">
     <span class='ocr_line' id='line_1_1' title="bbox 658 317 730 390; baseline 0 0"><span class='ocrx_word' id='word_1_1' title='bbox 658 317 730 390; x_wconf 79' lang='lat'><strong>125</strong></span> 
     </span>
    </p>
   </div>
   <div class='ocr_carea' id='block_1_2' title="bbox 135 511 972 616">
    <p class='ocr_par' dir='ltr' id='par_1_2' title="bbox 135 511 972 616">
     <span class='ocr_line' id='line_1_2' title="bbox 135 511 972 616; baseline -0.001 -22"><span class='ocrx_word' id='word_1_2' title='bbox 135 521 282 600; x_wconf 80' lang='grc' dir='ltr'><em>πολλοῖς</em></span> <span class='ocrx_word' id='word_1_3' title='bbox 306 513 343 591; x_wconf 81' lang='lat' dir='ltr'><strong>‹l&#39;</strong></span> <span class='ocrx_word' id='word_1_4' title='bbox 376 511 473 613; x_wconf 73' lang='grc' dir='ltr'><strong>ἐπῄει</strong></span> <span class='ocrx_word' id='word_1_5' title='bbox 499 512 646 616; x_wconf 71' lang='grc' dir='ltr'><strong>ιιιιιιροα</strong></span> <span class='ocrx_word' id='word_1_6' title='bbox 673 523 737 612; x_wconf 83' lang='grc' dir='ltr'><strong>τῆς</strong></span> <span class='ocrx_word' id='word_1_7' title='bbox 761 514 868 613; x_wconf 73' lang='grc' dir='ltr'>εὐχῆς</span> <span class='ocrx_word' id='word_1_8' title='bbox 893 514 972 614; x_wconf 80' lang='grc' dir='ltr'><strong>ὅση,</strong></span> 
     </span>
    </p>
   </div>
   <div class='ocr_carea' id='block_1_3' title="bbox 128 756 383 786">
    <p class='ocr_par' dir='ltr' id='par_1_3' title="bbox 128 756 383 786">
     <span class='ocr_line' id='line_1_3' title="bbox 128 756 383 786; baseline -0.012 -16"><span class='ocrx_word' id='word_1_9' title='bbox 128 756 383 786; x_wconf 50' lang='grc' dir='ltr'><strong>-Ι-ν-ῳ·</strong></span> 
     </span>
    </p>
   </div>
   <div class='ocr_carea' id='block_1_4' title="bbox 128 923 1318 2363">
    <p class='ocr_par' dir='ltr' id='par_1_4' title="bbox 128 923 1318 2363">
     <span class='ocr_line' id='line_1_4' title="bbox 133 923 1250 1008; baseline 0.001 -21"><span class='ocrx_word' id='word_1_10' title='bbox 133 934 176 1008; x_wconf 86' lang='lat' dir='ltr'><strong>qui</strong></span> <span class='ocrx_word' id='word_1_11' title='bbox 204 932 275 1008; x_wconf 90' lang='lat' dir='ltr'><strong>prior</strong></span> <span class='ocrx_word' id='word_1_12' title='bbox 303 927 365 986; x_wconf 87' lang='lat' dir='ltr'><strong>lecit</strong></span> <span class='ocrx_word' id='word_1_13' title='bbox 394 925 530 995; x_wconf 85' lang='lat' dir='ltr'><strong>iniuriam,</strong></span> <span class='ocrx_word' id='word_1_14' title='bbox 557 943 609 984; x_wconf 89' lang='lat' dir='ltr'><strong>non</strong></span> <span class='ocrx_word' id='word_1_15' title='bbox 635 929 729 1001; x_wconf 89' lang='lat' dir='ltr'><strong>potuit.</strong></span> <span class='ocrx_word' id='word_1_16' title='bbox 771 923 873 983; x_wconf 77' lang='lat' dir='ltr'>Deinde</span> <span class='ocrx_word' id='word_1_17' title='bbox 895 924 1048 986; x_wconf 70' lang='lat' dir='ltr'><strong>dissimilem</strong></span> <span class='ocrx_word' id='word_1_18' title='bbox 1069 929 1121 988; x_wconf 84' lang='lat' dir='ltr'><strong>sibi</strong></span> <span class='ocrx_word' id='word_1_19' title='bbox 1143 934 1180 988; x_wconf 87' lang='lat' dir='ltr'><strong>ait</strong></span> <span class='ocrx_word' id='word_1_20' title='bbox 1199 929 1250 988; x_wconf 87' lang='lat' dir='ltr'><strong>Po·</strong></span> 
     </span>
     <span class='ocr_line' id='line_1_5' title="bbox 131 1011 1252 1092; baseline 0 -18"><span class='ocrx_word' id='word_1_21' title='bbox 131 1017 330 1088; x_wconf 69' lang='lat' dir='ltr'><strong>trainensem,</strong></span> <span class='ocrx_word' id='word_1_22' title='bbox 363 1014 506 1090; x_wconf 83' lang='lat' dir='ltr'><strong>quiquam</strong></span> <span class='ocrx_word' id='word_1_23' title='bbox 540 1027 650 1068; x_wconf 85' lang='lat' dir='ltr'><strong>caussae</strong></span> <span class='ocrx_word' id='word_1_24' title='bbox 676 1028 740 1068; x_wconf 91' lang='lat' dir='ltr'><strong>snae</strong></span> <span class='ocrx_word' id='word_1_25' title='bbox 767 1016 896 1087; x_wconf 85' lang='lat' dir='ltr'><strong>aequitate</strong></span> <span class='ocrx_word' id='word_1_26' title='bbox 923 1011 1007 1072; x_wconf 82' lang='lat' dir='ltr'><strong>fretus</strong></span> <span class='ocrx_word' id='word_1_27' title='bbox 1034 1031 1084 1074; x_wconf 84' lang='lat' dir='ltr'><strong>sna</strong></span> <span class='ocrx_word' id='word_1_28' title='bbox 1114 1019 1252 1092; x_wconf 83' lang='lat' dir='ltr'><strong>repetitum</strong></span> 
     </span>
     <span class='ocr_line' id='line_1_6' title="bbox 131 1095 1252 1176; baseline -0.002 -18"><span class='ocrx_word' id='word_1_29' title='bbox 131 1103 262 1172; x_wconf 82' lang='lat' dir='ltr'><strong>venisset,</strong></span> <span class='ocrx_word' id='word_1_30' title='bbox 283 1118 354 1157; x_wconf 88' lang='lat' dir='ltr'><strong>nunc</strong></span> <span class='ocrx_word' id='word_1_31' title='bbox 375 1095 493 1154; x_wconf 79' lang='lat' dir='ltr'><strong>dedecori</strong></span> <span class='ocrx_word' id='word_1_32' title='bbox 514 1095 563 1152; x_wconf 84' lang='lat' dir='ltr'><strong>sliri</strong></span> <span class='ocrx_word' id='word_1_33' title='bbox 586 1095 643 1153; x_wconf 84' lang='lat' dir='ltr'><strong>fore</strong></span> <span class='ocrx_word' id='word_1_34' title='bbox 661 1098 795 1153; x_wconf 84' lang='lat' dir='ltr'><strong>victoriam</strong></span> <span class='ocrx_word' id='word_1_35' title='bbox 812 1095 934 1154; x_wconf 82' lang='lat' dir='ltr'><strong>fateatur.</strong></span> <span class='ocrx_word' id='word_1_36' title='bbox 978 1096 1098 1156; x_wconf 86' lang='lat' dir='ltr'><strong>Concedo</strong></span> <span class='ocrx_word' id='word_1_37' title='bbox 1119 1095 1169 1159; x_wconf 87' lang='lat' dir='ltr'><strong>lroc</strong></span> <span class='ocrx_word' id='word_1_38' title='bbox 1190 1120 1252 1176; x_wconf 78' lang='lat' dir='ltr'><strong>quer·</strong></span> 
     </span>
     <span class='ocr_line' id='line_1_7' title="bbox 131 1179 1252 1262; baseline 0 -20"><span class='ocrx_word' id='word_1_39' title='bbox 131 1205 196 1262; x_wconf 89' lang='lat' dir='ltr'><strong>qne,</strong></span> <span class='ocrx_word' id='word_1_40' title='bbox 217 1189 267 1242; x_wconf 88' lang='lat' dir='ltr'><strong>etsi</strong></span> <span class='ocrx_word' id='word_1_41' title='bbox 288 1203 340 1241; x_wconf 90' lang='lat' dir='ltr'><strong>non</strong></span> <span class='ocrx_word' id='word_1_42' title='bbox 362 1189 403 1240; x_wconf 87' lang='lat' dir='ltr'><strong>est</strong></span> <span class='ocrx_word' id='word_1_43' title='bbox 424 1200 457 1240; x_wconf 80' lang='lat' dir='ltr'><strong>ex</strong></span> <span class='ocrx_word' id='word_1_44' title='bbox 478 1182 548 1238; x_wconf 87' lang='lat' dir='ltr'><strong>omni</strong></span> <span class='ocrx_word' id='word_1_45' title='bbox 568 1189 640 1256; x_wconf 90' lang='lat' dir='ltr'><strong>parte</strong></span> <span class='ocrx_word' id='word_1_46' title='bbox 660 1197 759 1238; x_wconf 86' lang='lat' dir='ltr'><strong>reram.</strong></span> <span class='ocrx_word' id='word_1_47' title='bbox 802 1179 863 1238; x_wconf 91' lang='lat' dir='ltr'><strong>Non</strong></span> <span class='ocrx_word' id='word_1_48' title='bbox 891 1182 961 1238; x_wconf 89' lang='lat' dir='ltr'><strong>enim</strong></span> <span class='ocrx_word' id='word_1_49' title='bbox 987 1181 1120 1242; x_wconf 87' lang='lat' dir='ltr'><strong>dedeceret</strong></span> <span class='ocrx_word' id='word_1_50' title='bbox 1148 1184 1252 1256; x_wconf 79' lang='lat' dir='ltr'><strong>Polyni-</strong></span> 
     </span>
     <span class='ocr_line' id='line_1_8' title="bbox 132 1265 1250 1342; baseline 0.002 -16"><span class='ocrx_word' id='word_1_51' title='bbox 132 1289 197 1338; x_wconf 86' lang='lat' dir='ltr'><strong>cen,</strong></span> <span class='ocrx_word' id='word_1_52' title='bbox 218 1289 266 1326; x_wconf 90' lang='lat' dir='ltr'><strong>nec</strong></span> <span class='ocrx_word' id='word_1_53' title='bbox 286 1271 328 1326; x_wconf 88' lang='lat' dir='ltr'><strong>sni</strong></span> <span class='ocrx_word' id='word_1_54' title='bbox 348 1267 394 1326; x_wconf 86' lang='lat' dir='ltr'><strong>ille</strong></span> <span class='ocrx_word' id='word_1_55' title='bbox 416 1265 552 1324; x_wconf 89' lang='lat' dir='ltr'><strong>dissimilis</strong></span> <span class='ocrx_word' id='word_1_56' title='bbox 575 1273 653 1335; x_wconf 88' lang='lat' dir='ltr'><strong>esset,</strong></span> <span class='ocrx_word' id='word_1_57' title='bbox 674 1269 697 1322; x_wconf 95' lang='lat' dir='ltr'><strong>si</strong></span> <span class='ocrx_word' id='word_1_58' title='bbox 720 1283 749 1322; x_wconf 89' lang='lat' dir='ltr'><strong>se</strong></span> <span class='ocrx_word' id='word_1_59' title='bbox 770 1269 948 1342; x_wconf 83' lang='lat' dir='ltr'><strong>turpissimam</strong></span> <span class='ocrx_word' id='word_1_60' title='bbox 970 1267 1095 1326; x_wconf 82' lang='lat' dir='ltr'><strong>fateretur</strong></span> <span class='ocrx_word' id='word_1_61' title='bbox 1115 1273 1250 1328; x_wconf 77' lang='lat' dir='ltr'><strong>victoriam</strong></span> 
     </span>
     <span class='ocr_line' id='line_1_9' title="bbox 130 1347 1252 1431; baseline 0.001 -20"><span class='ocrx_word' id='word_1_62' title='bbox 130 1357 244 1431; x_wconf 85' lang='lat' dir='ltr'><strong>precari,</strong></span> <span class='ocrx_word' id='word_1_63' title='bbox 267 1351 344 1411; x_wconf 91' lang='lat' dir='ltr'><strong>modo</strong></span> <span class='ocrx_word' id='word_1_64' title='bbox 366 1350 471 1409; x_wconf 88' lang='lat' dir='ltr'><strong>adderet</strong></span> <span class='ocrx_word' id='word_1_65' title='bbox 492 1347 600 1421; x_wconf 88' lang='lat' dir='ltr'><strong>deinde,</strong></span> <span class='ocrx_word' id='word_1_66' title='bbox 621 1349 649 1408; x_wconf 90' lang='lat' dir='ltr'><strong>ld</strong></span> <span class='ocrx_word' id='word_1_67' title='bbox 670 1367 700 1406; x_wconf 88' lang='lat' dir='ltr'><strong>se</strong></span> <span class='ocrx_word' id='word_1_68' title='bbox 720 1353 829 1408; x_wconf 86' lang='lat' dir='ltr'><strong>invitum</strong></span> <span class='ocrx_word' id='word_1_69' title='bbox 851 1358 876 1409; x_wconf 90' lang='lat' dir='ltr'><strong>et</strong></span> <span class='ocrx_word' id='word_1_70' title='bbox 898 1362 1013 1410; x_wconf 87' lang='lat' dir='ltr'><strong>coactum</strong></span> <span class='ocrx_word' id='word_1_71' title='bbox 1035 1354 1130 1412; x_wconf 85' lang='lat' dir='ltr'><strong>facore.</strong></span> <span class='ocrx_word' id='word_1_72' title='bbox 1173 1351 1252 1418; x_wconf 81' lang='lat' dir='ltr'><strong>Quod</strong></span> 
     </span>
     <span class='ocr_line' id='line_1_10' title="bbox 131 1435 1252 1516; baseline -0.001 -18"><span class='ocrx_word' id='word_1_73' title='bbox 131 1457 211 1516; x_wconf 82' lang='lat' dir='ltr'><strong>quum</strong></span> <span class='ocrx_word' id='word_1_74' title='bbox 233 1457 284 1496; x_wconf 91' lang='lat' dir='ltr'><strong>non</strong></span> <span class='ocrx_word' id='word_1_75' title='bbox 307 1437 397 1506; x_wconf 89' lang='lat' dir='ltr'><strong>addat,</strong></span> <span class='ocrx_word' id='word_1_76' title='bbox 425 1453 489 1493; x_wconf 87' lang='lat' dir='ltr'><strong>sane</strong></span> <span class='ocrx_word' id='word_1_77' title='bbox 517 1439 595 1493; x_wconf 86' lang='lat' dir='ltr'><strong>istum</strong></span> <span class='ocrx_word' id='word_1_78' title='bbox 624 1435 656 1491; x_wconf 85' lang='lat' dir='ltr'><strong>ab</strong></span> <span class='ocrx_word' id='word_1_79' title='bbox 684 1453 716 1491; x_wconf 91' lang='lat' dir='ltr'><strong>eo</strong></span> <span class='ocrx_word' id='word_1_80' title='bbox 743 1453 845 1492; x_wconf 81' lang='lat' dir='ltr'><strong>versum</strong></span> <span class='ocrx_word' id='word_1_81' title='bbox 874 1435 925 1495; x_wconf 91' lang='lat' dir='ltr'><strong>dici</strong></span> <span class='ocrx_word' id='word_1_82' title='bbox 955 1456 1008 1495; x_wconf 92' lang='lat' dir='ltr'><strong>non</strong></span> <span class='ocrx_word' id='word_1_83' title='bbox 1029 1438 1106 1496; x_wconf 92' lang='lat' dir='ltr'><strong>modo</strong></span> <span class='ocrx_word' id='word_1_84' title='bbox 1127 1442 1252 1516; x_wconf 85' lang='lat' dir='ltr'><strong>ineptum,</strong></span> 
     </span>
     <span class='ocr_line' id='line_1_11' title="bbox 131 1519 1252 1590; baseline 0.002 -10"><span class='ocrx_word' id='word_1_85' title='bbox 131 1523 178 1581; x_wconf 90' lang='lat' dir='ltr'><strong>sed</strong></span> <span class='ocrx_word' id='word_1_86' title='bbox 201 1522 306 1582; x_wconf 80' lang='lat' dir='ltr'><strong>foedum</strong></span> <span class='ocrx_word' id='word_1_87' title='bbox 328 1529 377 1581; x_wconf 87' lang='lat' dir='ltr'><strong>eat.</strong></span> <span class='ocrx_word' id='word_1_88' title='bbox 419 1519 456 1579; x_wconf 79' lang='lat' dir='ltr'><strong>m</strong></span> <span class='ocrx_word' id='word_1_89' title='bbox 484 1537 515 1576; x_wconf 84' lang='lat' dir='ltr'><strong>ea</strong></span> <span class='ocrx_word' id='word_1_90' title='bbox 542 1537 637 1578; x_wconf 82' lang='lat' dir='ltr'><strong>caussa</strong></span> <span class='ocrx_word' id='word_1_91' title='bbox 662 1535 714 1575; x_wconf 88' lang='lat' dir='ltr'><strong>non</strong></span> <span class='ocrx_word' id='word_1_92' title='bbox 736 1519 890 1590; x_wconf 87' lang='lat' dir='ltr'><strong>eliciendos,</strong></span> <span class='ocrx_word' id='word_1_93' title='bbox 918 1520 965 1579; x_wconf 86' lang='lat' dir='ltr'><strong>sed</strong></span> <span class='ocrx_word' id='word_1_94' title='bbox 992 1523 1168 1581; x_wconf 87' lang='lat' dir='ltr'><strong>emendandos</strong></span> <span class='ocrx_word' id='word_1_95' title='bbox 1196 1533 1252 1584; x_wconf 84' lang='lat' dir='ltr'><strong>erat</strong></span> 
     </span>
     <span class='ocr_line' id='line_1_12' title="bbox 130 1601 1250 1684; baseline 0.001 -19"><span class='ocrx_word' id='word_1_96' title='bbox 130 1625 238 1677; x_wconf 81' lang='lat' dir='ltr'><strong>versas,</strong></span> <span class='ocrx_word' id='word_1_97' title='bbox 271 1607 340 1684; x_wconf 83' lang='lat' dir='ltr'><strong>qood</strong></span> <span class='ocrx_word' id='word_1_98' title='bbox 371 1606 516 1664; x_wconf 73' lang='lat' dir='ltr'><strong>rectissime</strong></span> <span class='ocrx_word' id='word_1_99' title='bbox 548 1604 611 1661; x_wconf 82' lang='lat' dir='ltr'><strong>lecit</strong></span> <span class='ocrx_word' id='word_1_100' title='bbox 649 1601 790 1672; x_wconf 78' lang='lat' dir='ltr'><strong>canterus,</strong></span> <span class='ocrx_word' id='word_1_101' title='bbox 823 1601 919 1662; x_wconf 82' lang='grc' dir='ltr'><strong>οιτῶν</strong></span> <span class='ocrx_word' id='word_1_102' title='bbox 940 1610 1086 1683; x_wconf 88' lang='lat' dir='ltr'><strong>corrigens,</strong></span> <span class='ocrx_word' id='word_1_103' title='bbox 1117 1607 1195 1683; x_wconf 80' lang='lat' dir='ltr'><strong>idque</strong></span> <span class='ocrx_word' id='word_1_104' title='bbox 1216 1625 1250 1666; x_wconf 78' lang='lat' dir='ltr'><strong>ex</strong></span> 
     </span>
     <span class='ocr_line' id='line_1_13' title="bbox 130 1686 1250 1768; baseline 0.002 -18"><span class='ocrx_word' id='word_1_105' title='bbox 130 1692 309 1751; x_wconf 73' lang='lat' dir='ltr'><strong>emendatione</strong></span> <span class='ocrx_word' id='word_1_106' title='bbox 338 1694 438 1768; x_wconf 89' lang='lat' dir='ltr'><strong>primae</strong></span> <span class='ocrx_word' id='word_1_107' title='bbox 461 1706 562 1760; x_wconf 54' lang='lat' dir='ltr'><strong>„manus</strong></span> <span class='ocrx_word' id='word_1_108' title='bbox 593 1686 671 1746; x_wconf 85' lang='lat' dir='ltr'><strong>habet</strong></span> <span class='ocrx_word' id='word_1_109' title='bbox 700 1687 793 1764; x_wconf 73' lang='lat' dir='ltr'><strong>Kiogii</strong></span> <span class='ocrx_word' id='word_1_110' title='bbox 825 1688 906 1746; x_wconf 82' lang='lat' dir='ltr'><strong>codex</strong></span> <span class='ocrx_word' id='word_1_111' title='bbox 938 1689 974 1748; x_wconf 88' lang='lat' dir='ltr'><strong>K.</strong></span> <span class='ocrx_word' id='word_1_112' title='bbox 1018 1690 1086 1755; x_wconf 77' lang='lat' dir='ltr'><strong>ltuid</strong></span> <span class='ocrx_word' id='word_1_113' title='bbox 1120 1691 1153 1749; x_wconf 87' lang='lat' dir='ltr'><strong>ad</strong></span> <span class='ocrx_word' id='word_1_114' title='bbox 1184 1689 1250 1752; x_wconf 85' lang='lat' dir='ltr'><strong>haec</strong></span> 
     </span>
     <span class='ocr_line' id='line_1_14' title="bbox 129 1771 1250 1852; baseline -0.002 -15"><span class='ocrx_word' id='word_1_115' title='bbox 129 1777 338 1837; x_wconf 80' lang='lat' dir='ltr'><strong>Valckenariusl</strong></span> <span class='ocrx_word' id='word_1_116' title='bbox 377 1773 503 1844; x_wconf 83' lang='grc' dir='ltr'><strong>Αιιῶι,</strong></span> <span class='ocrx_word' id='word_1_117' title='bbox 523 1777 616 1852; x_wconf 81' lang='lat' dir='ltr'><strong>inquit,</strong></span> <span class='ocrx_word' id='word_1_118' title='bbox 638 1791 669 1830; x_wconf 89' lang='lat' dir='ltr'><strong>eo</strong></span> <span class='ocrx_word' id='word_1_119' title='bbox 690 1771 871 1842; x_wconf 84' lang='lat' dir='ltr'><strong>reiiciendrrm,</strong></span> <span class='ocrx_word' id='word_1_120' title='bbox 893 1773 960 1850; x_wconf 82' lang='lat' dir='ltr'><strong>qood</strong></span> <span class='ocrx_word' id='word_1_121' title='bbox 981 1779 1109 1850; x_wconf 75' lang='lat' dir='ltr'><strong>proximis</strong></span> <span class='ocrx_word' id='word_1_122' title='bbox 1129 1785 1250 1852; x_wconf 84' lang='lat' dir='ltr'><strong>quattuor</strong></span> 
     </span>
     <span class='ocr_line' id='line_1_15' title="bbox 129 1857 1251 1939; baseline -0.001 -18"><span class='ocrx_word' id='word_1_123' title='bbox 129 1865 249 1922; x_wconf 77' lang='lat' dir='ltr'><strong>renibus</strong></span> <span class='ocrx_word' id='word_1_124' title='bbox 276 1860 357 1939; x_wconf 82' lang='lat' dir='ltr'><strong>nihil,</strong></span> <span class='ocrx_word' id='word_1_125' title='bbox 389 1881 439 1938; x_wconf 89' lang='lat' dir='ltr'><strong>quo</strong></span> <span class='ocrx_word' id='word_1_126' title='bbox 471 1861 562 1918; x_wconf 87' lang='lat' dir='ltr'><strong>referri</strong></span> <span class='ocrx_word' id='word_1_127' title='bbox 589 1862 714 1936; x_wconf 88' lang='lat' dir='ltr'><strong>potuerit,</strong></span> <span class='ocrx_word' id='word_1_128' title='bbox 743 1869 928 1935; x_wconf 83' lang='lat' dir='ltr'><strong>praecesserat.</strong></span> <span class='ocrx_word' id='word_1_129' title='bbox 971 1857 1041 1937; x_wconf 75' lang='lat' dir='ltr'><strong>Ergo</strong></span> <span class='ocrx_word' id='word_1_130' title='bbox 1067 1863 1251 1936; x_wconf 74' lang='lat' dir='ltr'><strong>recogitabat</strong></span> 
     </span>
     <span class='ocr_line' id='line_1_16' title="bbox 130 1943 1250 2024; baseline -0.001 -19"><span class='ocrx_word' id='word_1_131' title='bbox 130 1947 232 2024; x_wconf 83' lang='lat' dir='ltr'><strong>quidem</strong></span> <span class='ocrx_word' id='word_1_132' title='bbox 245 1947 384 2005; x_wconf 76' lang='lat' dir='ltr'><strong>centenam</strong></span> <span class='ocrx_word' id='word_1_133' title='bbox 405 1965 458 2004; x_wconf 88' lang='lat' dir='ltr'><strong>non</strong></span> <span class='ocrx_word' id='word_1_134' title='bbox 479 1944 548 2022; x_wconf 84' lang='lat' dir='ltr'><strong>qnod</strong></span> <span class='ocrx_word' id='word_1_135' title='bbox 567 1943 673 2022; x_wconf 80' lang='lat' dir='ltr'><strong>linguae</strong></span> <span class='ocrx_word' id='word_1_136' title='bbox 692 1945 795 2022; x_wconf 82' lang='lat' dir='ltr'><strong>legibus</strong></span> <span class='ocrx_word' id='word_1_137' title='bbox 807 1951 961 2022; x_wconf 78' lang='lat' dir='ltr'><strong>repugnaret</strong></span> <span class='ocrx_word' id='word_1_138' title='bbox 969 1949 1144 2004; x_wconf 87' lang='lat' dir='ltr'><strong>conrectnmm</strong></span> <span class='ocrx_word' id='word_1_139' title='bbox 1155 1947 1250 2018; x_wconf 82' lang='lat' dir='ltr'><strong>lesisse,</strong></span> 
     </span>
     <span class='ocr_line' id='line_1_17' title="bbox 130 2028 1248 2134; baseline 0 -44"><span class='ocrx_word' id='word_1_140' title='bbox 130 2053 178 2090; x_wconf 89' lang='lat' dir='ltr'><strong>nec</strong></span> <span class='ocrx_word' id='word_1_141' title='bbox 207 2031 324 2102; x_wconf 79' lang='lat' dir='ltr'><strong>ridebat,</strong></span> <span class='ocrx_word' id='word_1_142' title='bbox 351 2035 375 2088; x_wconf 93' lang='lat' dir='ltr'><strong>si</strong></span> <span class='ocrx_word' id='word_1_143' title='bbox 403 2035 431 2089; x_wconf 88' lang='lat' dir='ltr'><strong>in</strong></span> <span class='ocrx_word' id='word_1_144' title='bbox 458 2039 580 2106; x_wconf 84' lang='lat' dir='ltr'><strong>quattuor</strong></span> <span class='ocrx_word' id='word_1_145' title='bbox 604 2031 665 2087; x_wconf 90' lang='lat' dir='ltr'><strong>istis</strong></span> <span class='ocrx_word' id='word_1_146' title='bbox 691 2031 809 2086; x_wconf 81' lang='lat' dir='ltr'><strong>versibus</strong></span> <span class='ocrx_word' id='word_1_147' title='bbox 836 2028 901 2087; x_wconf 89' lang='lat' dir='ltr'><strong>nilril</strong></span> <span class='ocrx_word' id='word_1_148' title='bbox 923 2038 1064 2105; x_wconf 85' lang='lat' dir='ltr'><strong>essetque</strong></span> <span class='ocrx_word' id='word_1_149' title='bbox 1085 2035 1248 2134; x_wconf 66' lang='lat' dir='ltr'><strong>partipipinm</strong></span> 
     </span>
     <span class='ocr_line' id='line_1_18' title="bbox 129 2099 1248 2194; baseline -0.001 -18"><span class='ocrx_word' id='word_1_150' title='bbox 129 2117 195 2176; x_wconf 91' lang='lat' dir='ltr'><strong>illnd</strong></span> <span class='ocrx_word' id='word_1_151' title='bbox 216 2119 372 2186; x_wconf 75' lang='lat' dir='ltr'><strong>redonetur</strong></span> <span class='ocrx_word' id='word_1_152' title='bbox 399 2129 425 2174; x_wconf 89' lang='grc' dir='ltr'><strong>ιι</strong></span> <span class='ocrx_word' id='word_1_153' title='bbox 455 2120 578 2191; x_wconf 86' lang='lat' dir='ltr'><strong>scriptum</strong></span> <span class='ocrx_word' id='word_1_154' title='bbox 611 2131 672 2175; x_wconf 83' lang='lat' dir='ltr'><strong>osse</strong></span> <span class='ocrx_word' id='word_1_155' title='bbox 702 2117 730 2171; x_wconf 92' lang='lat' dir='ltr'><strong>in</strong></span> <span class='ocrx_word' id='word_1_156' title='bbox 752 2118 841 2189; x_wconf 86' lang='lat' dir='ltr'><strong>quinto</strong></span> <span class='ocrx_word' id='word_1_157' title='bbox 862 2099 915 2191; x_wconf 80' lang='grc' dir='ltr'><strong>ἧκε</strong></span> <span class='ocrx_word' id='word_1_158' title='bbox 936 2109 1125 2193; x_wconf 79' lang='grc' dir='ltr'><strong><em>Πολυνείκης</em></strong></span> <span class='ocrx_word' id='word_1_159' title='bbox 1152 2107 1248 2194; x_wconf 69' lang='lat' dir='ltr'><strong>oprtet</strong></span> 
     </span>
     <span class='ocr_line' id='line_1_19' title="bbox 128 2197 1318 2281; baseline 0 -21"><span class='ocrx_word' id='word_1_160' title='bbox 128 2199 191 2260; x_wconf 91' lang='lat' dir='ltr'><strong>Non</strong></span> <span class='ocrx_word' id='word_1_161' title='bbox 210 2206 292 2281; x_wconf 85' lang='lat' dir='ltr'><strong>igitur</strong></span> <span class='ocrx_word' id='word_1_162' title='bbox 312 2201 459 2272; x_wconf 83' lang='lat' dir='ltr'><strong>Polvnicis,</strong></span> <span class='ocrx_word' id='word_1_163' title='bbox 487 2199 534 2258; x_wconf 92' lang='lat' dir='ltr'><strong>sed</strong></span> <span class='ocrx_word' id='word_1_164' title='bbox 561 2203 644 2258; x_wconf 83' lang='lat' dir='ltr'><strong>nuntii</strong></span> <span class='ocrx_word' id='word_1_165' title='bbox 665 2201 743 2256; x_wconf 86' lang='lat' dir='ltr'><strong>rerba</strong></span> <span class='ocrx_word' id='word_1_166' title='bbox 764 2197 807 2256; x_wconf 88' lang='lat' dir='ltr'><strong>hic</strong></span> <span class='ocrx_word' id='word_1_167' title='bbox 827 2217 920 2256; x_wconf 81' lang='lat' dir='ltr'><strong>versos</strong></span> <span class='ocrx_word' id='word_1_168' title='bbox 941 2203 1070 2271; x_wconf 80' lang='lat' dir='ltr'><strong>continet,</strong></span> <span class='ocrx_word' id='word_1_169' title='bbox 1097 2207 1141 2276; x_wconf 89' lang='lat' dir='ltr'><strong>qoi</strong></span> <span class='ocrx_word' id='word_1_170' title='bbox 1170 2219 1246 2260; x_wconf 87' lang='lat' dir='ltr'><strong>snam</strong></span> <span class='ocrx_word' id='word_1_171' title='bbox 1311 2201 1318 2208; x_wconf 82' lang='lat'>&#39;</span> 
     </span>
     <span class='ocr_line' id='line_1_20' title="bbox 129 2282 1246 2363; baseline -0.001 -18"><span class='ocrx_word' id='word_1_172' title='bbox 129 2287 190 2346; x_wconf 91' lang='lat' dir='ltr'><strong>de</strong></span> <span class='ocrx_word' id='word_1_173' title='bbox 182 2292 261 2363; x_wconf 81' lang='lat' dir='ltr'><strong>impia</strong></span> <span class='ocrx_word' id='word_1_174' title='bbox 280 2291 333 2344; x_wconf 87' lang='lat' dir='ltr'><strong>ista</strong></span> <span class='ocrx_word' id='word_1_175' title='bbox 353 2305 429 2362; x_wconf 86' lang='lat' dir='ltr'><strong>prece</strong></span> <span class='ocrx_word' id='word_1_176' title='bbox 456 2289 609 2342; x_wconf 85' lang='lat' dir='ltr'><strong>sententiam</strong></span> <span class='ocrx_word' id='word_1_177' title='bbox 638 2284 709 2342; x_wconf 87' lang='lat' dir='ltr'><strong>dicit.</strong></span> <span class='ocrx_word' id='word_1_178' title='bbox 760 2282 867 2341; x_wconf 77' lang='lat' dir='ltr'><strong>Poterat</strong></span> <span class='ocrx_word' id='word_1_179' title='bbox 892 2285 938 2341; x_wconf 89' lang='lat' dir='ltr'><strong>ille</strong></span> <span class='ocrx_word' id='word_1_180' title='bbox 963 2284 1110 2361; x_wconf 79' lang='lat' dir='ltr'><strong>quidemr</strong></span> <span class='ocrx_word' id='word_1_181' title='bbox 1094 2287 1120 2342; x_wconf 89' lang='lat' dir='ltr'><strong>id</strong></span> <span class='ocrx_word' id='word_1_182' title='bbox 1151 2288 1246 2358; x_wconf 81' lang='lat' dir='ltr'><strong>facere,</strong></span> 
     </span>
    </p>
   </div>
   <div class='ocr_carea' id='block_1_5' title="bbox 128 2357 1369 2449">
    <p class='ocr_par' dir='ltr' id='par_1_5' title="bbox 128 2357 1369 2449">
     <span class='ocr_line' id='line_1_21' title="bbox 128 2357 1369 2449; baseline 0.002 -21"><span class='ocrx_word' id='word_1_183' title='bbox 128 2379 264 2449; x_wconf 76' lang='lat' dir='ltr'><strong>prostqoam</strong></span> <span class='ocrx_word' id='word_1_184' title='bbox 298 2376 375 2430; x_wconf 89' lang='lat' dir='ltr'><strong>etiam</strong></span> <span class='ocrx_word' id='word_1_185' title='bbox 403 2371 509 2428; x_wconf 86' lang='lat' dir='ltr'><strong>alterius</strong></span> <span class='ocrx_word' id='word_1_186' title='bbox 541 2370 631 2427; x_wconf 77' lang='lat' dir='ltr'><strong>temris</strong></span> <span class='ocrx_word' id='word_1_187' title='bbox 659 2368 727 2426; x_wconf 91' lang='lat' dir='ltr'><strong>idem</strong></span> <span class='ocrx_word' id='word_1_188' title='bbox 755 2373 885 2444; x_wconf 86' lang='lat' dir='ltr'><strong>precantis</strong></span> <span class='ocrx_word' id='word_1_189' title='bbox 906 2371 985 2427; x_wconf 83' lang='lat' dir='ltr'><strong>rerba</strong></span> <span class='ocrx_word' id='word_1_190' title='bbox 1007 2372 1166 2428; x_wconf 74' lang='lat' dir='ltr'><strong>rettulissem</strong></span> <span class='ocrx_word' id='word_1_191' title='bbox 1199 2372 1246 2430; x_wconf 82' lang='lat' dir='ltr'><strong>sed</strong></span> <span class='ocrx_word' id='word_1_192' title='bbox 1332 2407 1334 2410; x_wconf 94' lang='lat'>-</span> <span class='ocrx_word' id='word_1_193' title='bbox 1367 2357 1369 2362; x_wconf 39' lang='lat'><strong>¹</strong></span> 
     </span>
    </p>
   </div>
   <div class='ocr_carea' id='block_1_6' title="bbox 127 2452 1246 2618">
    <p class='ocr_par' dir='ltr' id='par_1_6' title="bbox 127 2452 1246 2618">
     <span class='ocr_line' id='line_1_22' title="bbox 129 2452 1246 2556; baseline 0.002 -43"><span class='ocrx_word' id='word_1_194' title='bbox 129 2456 192 2516; x_wconf 87' lang='lat' dir='ltr'><strong>dicit</strong></span> <span class='ocrx_word' id='word_1_195' title='bbox 211 2475 294 2527; x_wconf 89' lang='lat' dir='ltr'><strong>nunc,</strong></span> <span class='ocrx_word' id='word_1_196' title='bbox 314 2460 435 2534; x_wconf 84' lang='lat' dir='ltr'><strong>qnoniam</strong></span> <span class='ocrx_word' id='word_1_197' title='bbox 456 2460 569 2556; x_wconf 90' lang='lat' dir='ltr'><strong>primum</strong></span> <span class='ocrx_word' id='word_1_198' title='bbox 590 2452 679 2512; x_wconf 85' lang='lat' dir='ltr'><strong>audita</strong></span> <span class='ocrx_word' id='word_1_199' title='bbox 701 2457 812 2511; x_wconf 81' lang='lat' dir='ltr'><strong>maxime</strong></span> <span class='ocrx_word' id='word_1_200' title='bbox 833 2455 959 2512; x_wconf 80' lang='lat' dir='ltr'><strong>ferierunt</strong></span> <span class='ocrx_word' id='word_1_201' title='bbox 988 2459 1104 2526; x_wconf 80' lang='lat' dir='ltr'><strong>animos,</strong></span> <span class='ocrx_word' id='word_1_202' title='bbox 1131 2460 1246 2533; x_wconf 84' lang='lat' dir='ltr'><strong>ipseque,</strong></span> 
     </span>
     <span class='ocr_line' id='line_1_23' title="bbox 127 2537 1245 2618; baseline -0.001 -18"><span class='ocrx_word' id='word_1_203' title='bbox 127 2551 158 2600; x_wconf 88' lang='grc' dir='ltr'><strong>ιιι</strong></span> <span class='ocrx_word' id='word_1_204' title='bbox 177 2541 258 2602; x_wconf 85' lang='lat' dir='ltr'><strong>homo</strong></span> <span class='ocrx_word' id='word_1_205' title='bbox 277 2540 434 2612; x_wconf 84' lang='lat' dir='ltr'><strong>Thebanus,</strong></span> <span class='ocrx_word' id='word_1_206' title='bbox 455 2543 483 2598; x_wconf 90' lang='grc' dir='ltr'><strong>ιιι</strong></span> <span class='ocrx_word' id='word_1_207' title='bbox 503 2539 580 2599; x_wconf 86' lang='lat' dir='ltr'><strong>hoste</strong></span> <span class='ocrx_word' id='word_1_208' title='bbox 601 2558 678 2615; x_wconf 89' lang='lat' dir='ltr'><strong>qoam</strong></span> <span class='ocrx_word' id='word_1_209' title='bbox 701 2541 728 2595; x_wconf 91' lang='lat' dir='ltr'><strong>in</strong></span> <span class='ocrx_word' id='word_1_210' title='bbox 750 2537 888 2597; x_wconf 80' lang='lat' dir='ltr'><strong>defensore</strong></span> <span class='ocrx_word' id='word_1_211' title='bbox 908 2543 1007 2616; x_wconf 89' lang='lat' dir='ltr'><strong>patriae</strong></span> <span class='ocrx_word' id='word_1_212' title='bbox 1026 2545 1173 2618; x_wconf 80' lang='lat' dir='ltr'><strong>vituperare</strong></span> <span class='ocrx_word' id='word_1_213' title='bbox 1191 2551 1245 2600; x_wconf 87' lang='lat' dir='ltr'><strong>tan·</strong></span> 
     </span>
    </p>
   </div>
   <div class='ocr_carea' id='block_1_7' title="bbox 67 2583 1312 4656">
    <p class='ocr_par' dir='ltr' id='par_1_7' title="bbox 128 2583 504 2685">
     <span class='ocr_line' id='line_1_24' title="bbox 128 2583 504 2685; baseline -0.003 -1"><span class='ocrx_word' id='word_1_214' title='bbox 128 2636 181 2685; x_wconf 88' lang='lat' dir='ltr'><strong>tam</strong></span> <span class='ocrx_word' id='word_1_215' title='bbox 201 2629 360 2685; x_wconf 78' lang='lat' dir='ltr'><strong>atrocitatem</strong></span> <span class='ocrx_word' id='word_1_216' title='bbox 383 2583 504 2684; x_wconf 78' lang='lat' dir='ltr'><strong>malebat.</strong></span> 
     </span>
    </p>

    <p class='ocr_par' dir='ltr' id='par_1_8' title="bbox 67 2649 1312 4656">
     <span class='ocr_line' id='line_1_25' title="bbox 214 2649 1245 2790; baseline 0.002 -20"><span class='ocrx_word' id='word_1_217' title='bbox 214 2707 307 2772; x_wconf 77' lang='lat'><strong>1375.</strong></span> <span class='ocrx_word' id='word_1_218' title='bbox 350 2712 452 2790; x_wconf 82' lang='lat' dir='ltr'><strong>Vulgo·</strong></span> <span class='ocrx_word' id='word_1_219' title='bbox 490 2708 616 2780; x_wconf 75' lang='grc' dir='ltr'><strong><em>πολλοῖς</em></strong></span> <span class='ocrx_word' id='word_1_220' title='bbox 652 2701 684 2767; x_wconf 84' lang='lat' dir='ltr'><strong>d’</strong></span> <span class='ocrx_word' id='word_1_221' title='bbox 713 2649 945 2788; x_wconf 63' lang='lat' dir='ltr'><strong>lupertianae</strong></span> <span class='ocrx_word' id='word_1_222' title='bbox 971 2709 1026 2787; x_wconf 67' lang='grc' dir='ltr'><strong>τῆς</strong></span> <span class='ocrx_word' id='word_1_223' title='bbox 1054 2701 1149 2788; x_wconf 80' lang='grc' dir='ltr'><strong>τιχης</strong></span> <span class='ocrx_word' id='word_1_224' title='bbox 1177 2703 1245 2789; x_wconf 73' lang='grc' dir='ltr'><strong>ὅσοι.</strong></span> 
     </span>
     <span class='ocr_line' id='line_1_26' title="bbox 126 2791 1246 2872; baseline 0.001 -19"><span class='ocrx_word' id='word_1_225' title='bbox 126 2793 210 2854; x_wconf 80' lang='lat' dir='ltr'><strong>Parasi</strong></span> <span class='ocrx_word' id='word_1_226' title='bbox 231 2791 371 2855; x_wconf 85' lang='lat' dir='ltr'><strong>codices‘&#39;</strong></span> <span class='ocrx_word' id='word_1_227' title='bbox 355 2817 422 2857; x_wconf 84' lang='grc' dir='ltr'><strong><em>οσο.</em></strong></span> <span class='ocrx_word' id='word_1_228' title='bbox 465 2795 574 2861; x_wconf 75' lang='lat' dir='ltr'><strong>Quae-¹</strong></span> <span class='ocrx_word' id='word_1_229' title='bbox 567 2813 593 2852; x_wconf 86' lang='grc' dir='ltr'><strong>ιιι</strong></span> <span class='ocrx_word' id='word_1_230' title='bbox 620 2794 671 2853; x_wconf 87' lang='lat' dir='ltr'><strong>hoc</strong></span> <span class='ocrx_word' id='word_1_231' title='bbox 692 2801 720 2851; x_wconf 86' lang='lat' dir='ltr'><strong>et</strong></span> <span class='ocrx_word' id='word_1_232' title='bbox 739 2804 863 2871; x_wconf 86' lang='lat' dir='ltr'><strong>sequente</strong></span> <span class='ocrx_word' id='word_1_233' title='bbox 882 2813 960 2852; x_wconf 86' lang='lat' dir='ltr'><strong>versu</strong></span> <span class='ocrx_word' id='word_1_234' title='bbox 980 2799 1111 2872; x_wconf 80' lang='lat' dir='ltr'><strong>ritoperar</strong></span> <span class='ocrx_word' id='word_1_235' title='bbox 1131 2795 1246 2854; x_wconf 81' lang='lat' dir='ltr'><strong>Valcke-</strong></span> 
     </span>
     <span class='ocr_line' id='line_1_27' title="bbox 126 2880 1287 2960; baseline 0.001 -21"><span class='ocrx_word' id='word_1_236' title='bbox 126 2885 229 2953; x_wconf 86' lang='lat' dir='ltr'><strong>narius,</strong></span> <span class='ocrx_word' id='word_1_237' title='bbox 255 2885 349 2959; x_wconf 89' lang='lat' dir='ltr'><strong>partim</strong></span> <span class='ocrx_word' id='word_1_238' title='bbox 372 2884 531 2940; x_wconf 79' lang='lat' dir='ltr'><strong>calumniose</strong></span> <span class='ocrx_word' id='word_1_239' title='bbox 553 2881 719 2950; x_wconf 86' lang='lat' dir='ltr'><strong>dictasunt,</strong></span> <span class='ocrx_word' id='word_1_240' title='bbox 746 2881 839 2958; x_wconf 90' lang='lat' dir='ltr'><strong>partim</strong></span> <span class='ocrx_word' id='word_1_241' title='bbox 866 2881 899 2936; x_wconf 83' lang='lat' dir='ltr'><strong>ab</strong></span> <span class='ocrx_word' id='word_1_242' title='bbox 925 2880 987 2937; x_wconf 80' lang='lat' dir='ltr'><strong>exili</strong></span> <span class='ocrx_word' id='word_1_243' title='bbox 1015 2884 1124 2957; x_wconf 85' lang='lat' dir='ltr'><strong>repetita</strong></span> <span class='ocrx_word' id='word_1_244' title='bbox 1149 2899 1245 2960; x_wconf 82' lang='lat' dir='ltr'><strong>genere</strong></span> <span class='ocrx_word' id='word_1_245' title='bbox 1283 2903 1287 2909; x_wconf 89' lang='lat'>·</span> 
     </span>
     <span class='ocr_line' id='line_1_28' title="bbox 125 2964 1245 3044; baseline 0.004 -22"><span class='ocrx_word' id='word_1_246' title='bbox 125 2965 332 3044; x_wconf 82' lang='lat' dir='ltr'><strong>phraseologieo.</strong></span> <span class='ocrx_word' id='word_1_247' title='bbox 375 2965 461 3024; x_wconf 77' lang='lat' dir='ltr'><strong>rlli&#39;ert</strong></span> <span class='ocrx_word' id='word_1_248' title='bbox 479 2972 562 3042; x_wconf 89' lang='lat' dir='ltr'><strong>primo</strong></span> <span class='ocrx_word' id='word_1_249' title='bbox 583 2969 696 3042; x_wconf 86' lang='lat' dir='ltr'><strong>ineptam</strong></span> <span class='ocrx_word' id='word_1_250' title='bbox 717 2969 863 3023; x_wconf 73' lang='lat' dir='ltr'><strong>versionem</strong></span> <span class='ocrx_word' id='word_1_251' title='bbox 885 2964 985 3043; x_wconf 71' lang='lat' dir='ltr'><strong>Konga,</strong></span> <span class='ocrx_word' id='word_1_252' title='bbox 1006 2973 1036 3024; x_wconf 88' lang='lat' dir='ltr'><strong>nt</strong></span> <span class='ocrx_word' id='word_1_253' title='bbox 1056 2965 1143 3024; x_wconf 86' lang='lat' dir='ltr'><strong>rideat</strong></span> <span class='ocrx_word' id='word_1_254' title='bbox 1163 2968 1245 3026; x_wconf 86' lang='lat' dir='ltr'><strong>lector</strong></span> 
     </span>
     <span class='ocr_line' id='line_1_29' title="bbox 127 3049 1243 3126; baseline 0.006 -22"><span class='ocrx_word' id='word_1_255' title='bbox 127 3069 202 3124; x_wconf 82' lang='lat' dir='ltr'><strong>qnam</strong></span> <span class='ocrx_word' id='word_1_256' title='bbox 224 3054 310 3125; x_wconf 90' lang='lat' dir='ltr'><strong>inepta</strong></span> <span class='ocrx_word' id='word_1_257' title='bbox 331 3054 478 3126; x_wconf 81' lang='lat' dir='ltr'><strong>scripserit,</strong></span> <span class='ocrx_word' id='word_1_258' title='bbox 499 3055 543 3125; x_wconf 88' lang='lat' dir='ltr'><strong>qni</strong></span> <span class='ocrx_word' id='word_1_259' title='bbox 564 3049 613 3106; x_wconf 78' lang='lat' dir='ltr'><strong>laos</strong></span> <span class='ocrx_word' id='word_1_260' title='bbox 634 3067 728 3106; x_wconf 74' lang='lat' dir='ltr'><strong>versos</strong></span> <span class='ocrx_word' id='word_1_261' title='bbox 748 3051 847 3107; x_wconf 84' lang='lat' dir='ltr'><strong>iecerit.</strong></span> <span class='ocrx_word' id='word_1_262' title='bbox 890 3049 952 3108; x_wconf 91' lang='lat' dir='ltr'><strong>Hoc</strong></span> <span class='ocrx_word' id='word_1_263' title='bbox 978 3069 1038 3108; x_wconf 79' lang='lat' dir='ltr'><strong>vero</strong></span> <span class='ocrx_word' id='word_1_264' title='bbox 1065 3060 1107 3109; x_wconf 86' lang='lat' dir='ltr'><strong>est</strong></span> <span class='ocrx_word' id='word_1_265' title='bbox 1126 3051 1243 3111; x_wconf 78' lang='lat' dir='ltr'><strong>franderes</strong></span> 
     </span>
     <span class='ocr_line' id='line_1_30' title="bbox 126 3131 1301 3229; baseline 0.005 -39"><span class='ocrx_word' id='word_1_266' title='bbox 126 3135 252 3208; x_wconf 83' lang='lat' dir='ltr'><strong>imperitis</strong></span> <span class='ocrx_word' id='word_1_267' title='bbox 274 3134 368 3190; x_wconf 87' lang='lat' dir='ltr'><strong>lacere.</strong></span> <span class='ocrx_word' id='word_1_268' title='bbox 409 3132 512 3190; x_wconf 81' lang='lat' dir='ltr'><strong>Deinde</strong></span> <span class='ocrx_word' id='word_1_269' title='bbox 534 3137 647 3229; x_wconf 60' lang='grc' dir='ltr'><strong>ιιιιιοιιι,</strong></span> <span class='ocrx_word' id='word_1_270' title='bbox 679 3136 783 3208; x_wconf 84' lang='lat' dir='ltr'><strong>quinam</strong></span> <span class='ocrx_word' id='word_1_271' title='bbox 811 3133 844 3189; x_wconf 90' lang='lat' dir='ltr'><strong>ad</strong></span> <span class='ocrx_word' id='word_1_272' title='bbox 865 3131 999 3202; x_wconf 86' lang='lat' dir='ltr'><strong>Polynicis</strong></span> <span class='ocrx_word' id='word_1_273' title='bbox 1021 3154 1115 3211; x_wconf 87' lang='lat' dir='ltr'><strong>preces·</strong></span> <span class='ocrx_word' id='word_1_274' title='bbox 1130 3138 1244 3211; x_wconf 86' lang='lat' dir='ltr'><strong>plorave-</strong></span> <span class='ocrx_word' id='word_1_275' title='bbox 1297 3191 1301 3198; x_wconf 83' lang='lat'><em>,</em></span> 
     </span>
     <span class='ocr_line' id='line_1_31' title="bbox 125 3213 1245 3295; baseline 0.001 -20"><span class='ocrx_word' id='word_1_276' title='bbox 125 3221 192 3288; x_wconf 83' lang='grc' dir='ltr'><strong>ιιιιι,</strong></span> <span class='ocrx_word' id='word_1_277' title='bbox 220 3215 334 3274; x_wconf 86' lang='lat' dir='ltr'><strong>ducesnc</strong></span> <span class='ocrx_word' id='word_1_278' title='bbox 363 3235 409 3273; x_wconf 88' lang='lat' dir='ltr'><strong>an</strong></span> <span class='ocrx_word' id='word_1_279' title='bbox 426 3217 522 3273; x_wconf 87' lang='lat' dir='ltr'><strong>milites</strong></span> <span class='ocrx_word' id='word_1_280' title='bbox 547 3217 673 3292; x_wconf 79' lang='lat' dir='ltr'><strong>gregarii,</strong></span> <span class='ocrx_word' id='word_1_281' title='bbox 705 3213 737 3270; x_wconf 88' lang='lat' dir='ltr'><strong>de</strong></span> <span class='ocrx_word' id='word_1_282' title='bbox 764 3215 857 3290; x_wconf 84' lang='lat' dir='ltr'><strong>qulbus</strong></span> <span class='ocrx_word' id='word_1_283' title='bbox 892 3223 977 3274; x_wconf 87' lang='lat' dir='ltr'><strong>tanren</strong></span> <span class='ocrx_word' id='word_1_284' title='bbox 1004 3221 1124 3274; x_wconf 81' lang='grc' dir='ltr'><strong>οιιιιιιιιιι</strong></span> <span class='ocrx_word' id='word_1_285' title='bbox 1156 3235 1245 3295; x_wconf 86' lang='lat' dir='ltr'><strong>supra,</strong></span> 
     </span>
     <span class='ocr_line' id='line_1_32' title="bbox 126 3297 1244 3406; baseline 0.002 -46"><span class='ocrx_word' id='word_1_286' title='bbox 126 3317 217 3406; x_wconf 83' lang='lat' dir='ltr'><strong>quarn</strong></span> <span class='ocrx_word' id='word_1_287' title='bbox 231 3301 370 3372; x_wconf 81' lang='lat' dir='ltr'><strong>Polynices</strong></span> <span class='ocrx_word' id='word_1_288' title='bbox 398 3299 508 3358; x_wconf 87' lang='lat' dir='ltr'><strong>oblatam</strong></span> <span class='ocrx_word' id='word_1_289' title='bbox 537 3319 553 3357; x_wconf 87' lang='lat' dir='ltr'><strong>a</strong></span> <span class='ocrx_word' id='word_1_290' title='bbox 579 3299 659 3356; x_wconf 80' lang='lat' dir='ltr'><strong>tratre</strong></span> <span class='ocrx_word' id='word_1_291' title='bbox 687 3297 858 3356; x_wconf 84' lang='lat' dir='ltr'><strong>conditionem</strong></span> <span class='ocrx_word' id='word_1_292' title='bbox 887 3303 1040 3378; x_wconf 79' lang='lat' dir='ltr'><strong>accepisset,</strong></span> <span class='ocrx_word' id='word_1_293' title='bbox 1069 3301 1165 3358; x_wconf 90' lang='lat' dir='ltr'><strong>dictum</strong></span> <span class='ocrx_word' id='word_1_294' title='bbox 1194 3309 1244 3363; x_wconf 80' lang='lat' dir='ltr'><strong>sita</strong></span> 
     </span>
     <span class='ocr_line' id='line_1_33' title="bbox 67 3374 1241 3474; baseline 0.002 -29"><span class='ocrx_word' id='word_1_295' title='bbox 67 3385 72 3392; x_wconf 84' lang='lat'>&#39;</span> <span class='ocrx_word' id='word_1_296' title='bbox 125 3378 288 3458; x_wconf 79' lang='grc' dir='ltr'><strong>ποιιτιςδ</strong></span> <span class='ocrx_word' id='word_1_297' title='bbox 313 3378 528 3468; x_wconf 62' lang='grc' dir='ltr'><strong>ἐπερρόθησαν</strong></span> <span class='ocrx_word' id='word_1_298' title='bbox 550 3376 689 3463; x_wconf 80' lang='grc' dir='ltr'><strong>Αργιῖοι</strong></span> <span class='ocrx_word' id='word_1_299' title='bbox 709 3374 928 3460; x_wconf 80' lang='grc' dir='ltr'><strong>ιάιιεΚιιιιμοο</strong></span> <span class='ocrx_word' id='word_1_300' title='bbox 950 3376 1104 3457; x_wconf 69' lang='grc' dir='ltr'><strong>ιιλαιῖς“</strong></span> <span class='ocrx_word' id='word_1_301' title='bbox 1083 3405 1126 3474; x_wconf 64' lang='lat' dir='ltr'><strong>rog</strong></span> <span class='ocrx_word' id='word_1_302' title='bbox 1145 3379 1241 3447; x_wconf 79' lang='lat' dir='ltr'><strong>dlxcr&#39;</strong></span> 
     </span>
     <span class='ocr_line' id='line_1_34' title="bbox 124 3463 1241 3551; baseline 0.003 -21"><span class='ocrx_word' id='word_1_303' title='bbox 124 3463 297 3551; x_wconf 68' lang='grc' dir='ltr'><strong>ἡγούμενοι.</strong></span> <span class='ocrx_word' id='word_1_304' title='bbox 339 3470 379 3530; x_wconf 82' lang='lat' dir='ltr'><strong>m</strong></span> <span class='ocrx_word' id='word_1_305' title='bbox 409 3476 468 3548; x_wconf 84' lang='lat' dir='ltr'><strong>qais</strong></span> <span class='ocrx_word' id='word_1_306' title='bbox 498 3471 630 3548; x_wconf 88' lang='lat' dir='ltr'><strong>plorantes</strong></span> <span class='ocrx_word' id='word_1_307' title='bbox 657 3470 734 3539; x_wconf 89' lang='lat' dir='ltr'><strong>lecit,</strong></span> <span class='ocrx_word' id='word_1_308' title='bbox 766 3471 818 3526; x_wconf 89' lang='lat' dir='ltr'><strong>nisi</strong></span> <span class='ocrx_word' id='word_1_309' title='bbox 847 3470 921 3546; x_wconf 82' lang='lat' dir='ltr'><strong>ipset</strong></span> <span class='ocrx_word' id='word_1_310' title='bbox 951 3469 1013 3530; x_wconf 89' lang='lat' dir='ltr'><strong>Non</strong></span> <span class='ocrx_word' id='word_1_311' title='bbox 1042 3475 1109 3530; x_wconf 90' lang='lat' dir='ltr'><strong>enim</strong></span> <span class='ocrx_word' id='word_1_312' title='bbox 1130 3473 1241 3550; x_wconf 87' lang='lat' dir='ltr'><strong>plorant,</strong></span> 
     </span>
     <span class='ocr_line' id='line_1_35' title="bbox 124 3553 1242 3636; baseline 0.003 -21"><span class='ocrx_word' id='word_1_313' title='bbox 124 3559 218 3636; x_wconf 81' lang='lat' dir='ltr'><strong>qnilns</strong></span> <span class='ocrx_word' id='word_1_314' title='bbox 238 3558 359 3617; x_wconf 81' lang='lat' dir='ltr'><strong>lanimae</strong></span> <span class='ocrx_word' id='word_1_315' title='bbox 379 3559 538 3614; x_wconf 82' lang='grc' dir='ltr'><strong>οιοιιοιιιιιι.</strong></span> <span class='ocrx_word' id='word_1_316' title='bbox 583 3553 653 3618; x_wconf 77' lang='lat' dir='ltr'><strong>Quid</strong></span> <span class='ocrx_word' id='word_1_317' title='bbox 673 3561 759 3614; x_wconf 86' lang='lat' dir='ltr'><strong>autem</strong></span> <span class='ocrx_word' id='word_1_318' title='bbox 782 3557 949 3627; x_wconf 73' lang='lat' dir='ltr'><strong>minimest,</strong></span> <span class='ocrx_word' id='word_1_319' title='bbox 982 3555 1242 3618; x_wconf 85' lang='lat' dir='ltr'><strong>eothumanaena·</strong></span> 
     </span>
     <span class='ocr_line' id='line_1_36' title="bbox 124 3641 1242 3720; baseline 0.004 -21"><span class='ocrx_word' id='word_1_320' title='bbox 124 3653 199 3700; x_wconf 82' lang='lat' dir='ltr'><strong>torae</strong></span> <span class='ocrx_word' id='word_1_321' title='bbox 219 3661 271 3700; x_wconf 92' lang='lat' dir='ltr'><strong>non</strong></span> <span class='ocrx_word' id='word_1_322' title='bbox 299 3644 412 3700; x_wconf 81' lang='lat' dir='ltr'><strong>manime</strong></span> <span class='ocrx_word' id='word_1_323' title='bbox 439 3648 656 3712; x_wconf 87' lang='lat' dir='ltr'><strong>consentaneum,</strong></span> <span class='ocrx_word' id='word_1_324' title='bbox 686 3657 762 3716; x_wconf 85' lang='lat' dir='ltr'><strong>qnam</strong></span> <span class='ocrx_word' id='word_1_325' title='bbox 791 3641 879 3698; x_wconf 77' lang='lat' dir='ltr'><strong>sessos</strong></span> <span class='ocrx_word' id='word_1_326' title='bbox 907 3645 1012 3719; x_wconf 88' lang='lat' dir='ltr'><strong>ancipiti</strong></span> <span class='ocrx_word' id='word_1_327' title='bbox 1042 3645 1138 3720; x_wconf 88' lang='lat' dir='ltr'><strong>proelio</strong></span> <span class='ocrx_word' id='word_1_328' title='bbox 1165 3643 1242 3703; x_wconf 85' lang='lat' dir='ltr'><strong>relre</strong></span> 
     </span>
     <span class='ocr_line' id='line_1_37' title="bbox 124 3724 1242 3805; baseline 0.002 -21"><span class='ocrx_word' id='word_1_329' title='bbox 124 3735 224 3788; x_wconf 87' lang='lat' dir='ltr'><strong>menter</strong></span> <span class='ocrx_word' id='word_1_330' title='bbox 243 3730 385 3805; x_wconf 86' lang='lat' dir='ltr'><strong>approbare</strong></span> <span class='ocrx_word' id='word_1_331' title='bbox 411 3727 548 3786; x_wconf 82' lang='lat' dir='ltr'><strong>consilinm</strong></span> <span class='ocrx_word' id='word_1_332' title='bbox 576 3728 687 3801; x_wconf 81' lang='lat' dir='ltr'><strong>decom,</strong></span> <span class='ocrx_word' id='word_1_333' title='bbox 714 3724 824 3782; x_wconf 88' lang='lat' dir='ltr'><strong>duorum</strong></span> <span class='ocrx_word' id='word_1_334' title='bbox 852 3727 985 3786; x_wconf 84' lang='lat' dir='ltr'><strong>certamini</strong></span> <span class='ocrx_word' id='word_1_335' title='bbox 1010 3730 1144 3785; x_wconf 81' lang='lat' dir='ltr'><strong>victoriam</strong></span> <span class='ocrx_word' id='word_1_336' title='bbox 1173 3749 1242 3786; x_wconf 79' lang='lat' dir='ltr'><strong>oom-</strong></span> 
     </span>
     <span class='ocr_line' id='line_1_38' title="bbox 124 3807 1240 3892; baseline 0.002 -24"><span class='ocrx_word' id='word_1_337' title='bbox 124 3814 226 3870; x_wconf 84' lang='lat' dir='ltr'><strong>mittere</strong></span> <span class='ocrx_word' id='word_1_338' title='bbox 246 3814 397 3883; x_wconf 84' lang='lat' dir='ltr'><strong>volentium,</strong></span> <span class='ocrx_word' id='word_1_339' title='bbox 418 3813 462 3872; x_wconf 85' lang='lat' dir='ltr'><strong>nbi</strong></span> <span class='ocrx_word' id='word_1_340' title='bbox 485 3821 569 3870; x_wconf 88' lang='lat' dir='ltr'><strong>antem</strong></span> <span class='ocrx_word' id='word_1_341' title='bbox 592 3807 789 3892; x_wconf 79' lang='lat' dir='ltr'><strong>congredientes</strong></span> <span class='ocrx_word' id='word_1_342' title='bbox 809 3809 897 3866; x_wconf 88' lang='lat' dir='ltr'><strong>rident</strong></span> <span class='ocrx_word' id='word_1_343' title='bbox 918 3819 944 3867; x_wconf 84' lang='lat' dir='ltr'><strong>et</strong></span> <span class='ocrx_word' id='word_1_344' title='bbox 964 3813 1070 3870; x_wconf 80' lang='lat' dir='ltr'><strong>fratrem</strong></span> <span class='ocrx_word' id='word_1_345' title='bbox 1083 3813 1240 3870; x_wconf 80' lang='lat' dir='ltr'><strong>fratrissae</strong></span> 
     </span>
     <span class='ocr_line' id='line_1_39' title="bbox 124 3895 1240 3998; baseline 0.002 -45"><span class='ocrx_word' id='word_1_346' title='bbox 124 3895 182 3954; x_wconf 88' lang='lat' dir='ltr'><strong>dem</strong></span> <span class='ocrx_word' id='word_1_347' title='bbox 205 3899 265 3954; x_wconf 83' lang='lat' dir='ltr'><strong>ab</strong></span> <span class='ocrx_word' id='word_1_348' title='bbox 257 3901 324 3998; x_wconf 79' lang='lat' dir='ltr'><strong>ipsis</strong></span> <span class='ocrx_word' id='word_1_349' title='bbox 346 3897 397 3954; x_wconf 87' lang='lat' dir='ltr'><strong>diis</strong></span> <span class='ocrx_word' id='word_1_350' title='bbox 418 3906 562 3974; x_wconf 85' lang='lat' dir='ltr'><strong>precantem</strong></span> <span class='ocrx_word' id='word_1_351' title='bbox 586 3896 709 3970; x_wconf 77' lang='lat' dir='ltr'><strong>audeant,</strong></span> <span class='ocrx_word' id='word_1_352' title='bbox 738 3902 810 3951; x_wconf 85' lang='lat' dir='ltr'><strong>tanta</strong></span> <span class='ocrx_word' id='word_1_353' title='bbox 836 3899 971 3951; x_wconf 83' lang='lat' dir='ltr'><strong>atrocitate</strong></span> <span class='ocrx_word' id='word_1_354' title='bbox 992 3903 1078 3952; x_wconf 87' lang='lat' dir='ltr'><strong>tactos</strong></span> <span class='ocrx_word' id='word_1_355' title='bbox 1107 3900 1240 3955; x_wconf 83' lang='lat' dir='ltr'><strong>misererit</strong></span> 
     </span>
     <span class='ocr_line' id='line_1_40' title="bbox 123 3937 1240 4084; baseline 0 -46"><span class='ocrx_word' id='word_1_356' title='bbox 123 3980 194 4038; x_wconf 89' lang='lat' dir='ltr'><strong>lllnd</strong></span> <span class='ocrx_word' id='word_1_357' title='bbox 215 4001 276 4038; x_wconf 83' lang='lat' dir='ltr'><strong>vero</strong></span> <span class='ocrx_word' id='word_1_358' title='bbox 296 3985 436 4084; x_wconf 85' lang='lat' dir='ltr'><strong>imperiose</strong></span> <span class='ocrx_word' id='word_1_359' title='bbox 457 3990 483 4040; x_wconf 92' lang='lat' dir='ltr'><strong>et</strong></span> <span class='ocrx_word' id='word_1_360' title='bbox 502 4001 548 4057; x_wconf 91' lang='lat' dir='ltr'><strong>pro</strong></span> <span class='ocrx_word' id='word_1_361' title='bbox 571 3937 725 4041; x_wconf 80' lang='grc' dir='ltr'><strong>ιιιοιοιιιιιο</strong></span> <span class='ocrx_word' id='word_1_362' title='bbox 745 3977 815 4045; x_wconf 89' lang='lat' dir='ltr'><strong>dicit,</strong></span> <span class='ocrx_word' id='word_1_363' title='bbox 837 3981 966 4034; x_wconf 83' lang='lat' dir='ltr'><strong>sennensis</strong></span> <span class='ocrx_word' id='word_1_364' title='bbox 983 3982 1090 4080; x_wconf 80' lang='lat' dir='ltr'><strong>genium</strong></span> <span class='ocrx_word' id='word_1_365' title='bbox 1112 3999 1164 4037; x_wconf 90' lang='lat' dir='ltr'><strong>non</strong></span> <span class='ocrx_word' id='word_1_366' title='bbox 1185 3985 1240 4058; x_wconf 82' lang='lat' dir='ltr'><strong>pati</strong></span> 
     </span>
     <span class='ocr_line' id='line_1_41' title="bbox 123 4053 1239 4164; baseline -0.001 -40"><span class='ocrx_word' id='word_1_367' title='bbox 123 4071 154 4124; x_wconf 88' lang='grc' dir='ltr'><strong>ιιι</strong></span> <span class='ocrx_word' id='word_1_368' title='bbox 175 4065 276 4122; x_wconf 89' lang='lat' dir='ltr'><strong>dicator</strong></span> <span class='ocrx_word' id='word_1_369' title='bbox 297 4058 379 4145; x_wconf 77' lang='grc' dir='ltr'><strong>ιπῄιι</strong></span> <span class='ocrx_word' id='word_1_370' title='bbox 400 4085 453 4140; x_wconf 90' lang='grc' dir='ltr'><strong>μοι</strong></span> <span class='ocrx_word' id='word_1_371' title='bbox 476 4059 619 4141; x_wconf 73' lang='grc' dir='ltr'><strong><em>δάκρυον</em></strong></span> <span class='ocrx_word' id='word_1_372' title='bbox 639 4063 681 4120; x_wconf 90' lang='lat' dir='ltr'><strong>rel</strong></span> <span class='ocrx_word' id='word_1_373' title='bbox 702 4060 827 4130; x_wconf 78' lang='grc' dir='ltr'><strong><em>πολλοῖς</em></strong></span> <span class='ocrx_word' id='word_1_374' title='bbox 847 4053 930 4142; x_wconf 77' lang='grc' dir='ltr'><strong>ιπῄιι</strong></span> <span class='ocrx_word' id='word_1_375' title='bbox 952 4055 1080 4164; x_wconf 69' lang='lat' dir='ltr'><strong>delapsam</strong></span> <span class='ocrx_word' id='word_1_376' title='bbox 1102 4083 1180 4140; x_wconf 85' lang='lat' dir='ltr'><strong>quum</strong></span> <span class='ocrx_word' id='word_1_377' title='bbox 1201 4073 1239 4124; x_wconf 89' lang='lat' dir='ltr'><strong>ta-</strong></span> 
     </span>
     <span class='ocr_line' id='line_1_42' title="bbox 123 4097 1239 4226; baseline 0.001 -18"><span class='ocrx_word' id='word_1_378' title='bbox 123 4167 183 4208; x_wconf 87' lang='lat' dir='ltr'><strong>men</strong></span> <span class='ocrx_word' id='word_1_379' title='bbox 205 4151 272 4208; x_wconf 87' lang='lat' dir='ltr'><strong>alios</strong></span> <span class='ocrx_word' id='word_1_380' title='bbox 291 4097 417 4226; x_wconf 78' lang='lat' dir='ltr'><strong>plmlmos</strong></span> <span class='ocrx_word' id='word_1_381' title='bbox 439 4167 496 4206; x_wconf 85' lang='lat' dir='ltr'><strong>cuna</strong></span> <span class='ocrx_word' id='word_1_382' title='bbox 518 4153 570 4206; x_wconf 90' lang='lat' dir='ltr'><strong>isto</strong></span> <span class='ocrx_word' id='word_1_383' title='bbox 592 4165 632 4204; x_wconf 81' lang='lat' dir='ltr'><strong>ror</strong></span> <span class='ocrx_word' id='word_1_384' title='bbox 631 4147 669 4204; x_wconf 88' lang='lat' dir='ltr'><strong>bo</strong></span> <span class='ocrx_word' id='word_1_385' title='bbox 690 4146 833 4203; x_wconf 83' lang='lat' dir='ltr'><strong>inlinitiros</strong></span> <span class='ocrx_word' id='word_1_386' title='bbox 853 4151 975 4225; x_wconf 83' lang='lat' dir='ltr'><strong>coniungi</strong></span> <span class='ocrx_word' id='word_1_387' title='bbox 996 4149 1117 4208; x_wconf 79' lang='lat' dir='ltr'><strong>fateatur.</strong></span> <span class='ocrx_word' id='word_1_388' title='bbox 1154 4150 1239 4210; x_wconf 85' lang='lat' dir='ltr'><strong>Porro</strong></span> 
     </span>
     <span class='ocr_line' id='line_1_43' title="bbox 124 4224 1312 4312; baseline 0 -19"><span class='ocrx_word' id='word_1_389' title='bbox 124 4253 202 4312; x_wconf 85' lang='lat' dir='ltr'><strong>quum</strong></span> <span class='ocrx_word' id='word_1_390' title='bbox 224 4238 275 4292; x_wconf 86' lang='lat' dir='ltr'><strong>ista</strong></span> <span class='ocrx_word' id='word_1_391' title='bbox 295 4239 436 4311; x_wconf 79' lang='lat' dir='ltr'><strong>vituperat,</strong></span> <span class='ocrx_word' id='word_1_392' title='bbox 457 4233 511 4311; x_wconf 77' lang='grc' dir='ltr'><strong>τῆς</strong></span> <span class='ocrx_word' id='word_1_393' title='bbox 532 4224 628 4310; x_wconf 83' lang='grc' dir='ltr'><strong>τιιχης</strong></span> <span class='ocrx_word' id='word_1_394' title='bbox 648 4227 722 4304; x_wconf 66' lang='grc' dir='ltr'><strong>ὅσοι,</strong></span> <span class='ocrx_word' id='word_1_395' title='bbox 750 4234 890 4307; x_wconf 78' lang='lat' dir='ltr'><strong>genitivam</strong></span> <span class='ocrx_word' id='word_1_396' title='bbox 913 4235 1035 4290; x_wconf 83' lang='lat' dir='ltr'><strong>temerius</strong></span> <span class='ocrx_word' id='word_1_397' title='bbox 1057 4249 1132 4310; x_wconf 86' lang='lat' dir='ltr'><strong>qnam</strong></span> <span class='ocrx_word' id='word_1_398' title='bbox 1154 4240 1239 4293; x_wconf 85' lang='lat' dir='ltr'><strong>consi·</strong></span> <span class='ocrx_word' id='word_1_399' title='bbox 1309 4241 1312 4247; x_wconf 83' lang='grc'><em>’</em></span> 
     </span>
     <span class='ocr_line' id='line_1_44' title="bbox 122 4308 1237 4396; baseline 0.001 -18"><span class='ocrx_word' id='word_1_400' title='bbox 122 4321 238 4379; x_wconf 87' lang='lat' dir='ltr'><strong>deratius</strong></span> <span class='ocrx_word' id='word_1_401' title='bbox 260 4325 350 4396; x_wconf 87' lang='lat' dir='ltr'><strong>carpit</strong></span> <span class='ocrx_word' id='word_1_402' title='bbox 393 4317 462 4376; x_wconf 90' lang='lat' dir='ltr'><strong>Nam</strong></span> <span class='ocrx_word' id='word_1_403' title='bbox 491 4335 568 4394; x_wconf 81' lang='lat' dir='ltr'><strong>qnam</strong></span> <span class='ocrx_word' id='word_1_404' title='bbox 591 4315 715 4386; x_wconf 80' lang='grc' dir='ltr'><strong><em>πολλοῖς</em></strong></span> <span class='ocrx_word' id='word_1_405' title='bbox 736 4309 819 4396; x_wconf 73' lang='grc' dir='ltr'><strong>ἐπῄει</strong></span> <span class='ocrx_word' id='word_1_406' title='bbox 843 4308 962 4396; x_wconf 74' lang='lat' dir='ltr'><strong>delapso</strong></span> <span class='ocrx_word' id='word_1_407' title='bbox 983 4317 1047 4376; x_wconf 85' lang='lat' dir='ltr'><strong>nihil</strong></span> <span class='ocrx_word' id='word_1_408' title='bbox 1063 4317 1139 4376; x_wconf 87' lang='lat' dir='ltr'><strong>aliud</strong></span> <span class='ocrx_word' id='word_1_409' title='bbox 1161 4341 1237 4396; x_wconf 86' lang='lat' dir='ltr'><strong>quarn</strong></span> 
     </span>
     <span class='ocr_line' id='line_1_45' title="bbox 121 4401 1239 4483; baseline 0 -19"><span class='ocrx_word' id='word_1_410' title='bbox 121 4409 267 4466; x_wconf 87' lang='lat' dir='ltr'><strong>miseritum</strong></span> <span class='ocrx_word' id='word_1_411' title='bbox 290 4422 348 4470; x_wconf 84' lang='lat' dir='ltr'><strong>esse</strong></span> <span class='ocrx_word' id='word_1_412' title='bbox 369 4404 465 4461; x_wconf 90' lang='lat' dir='ltr'><strong>multos</strong></span> <span class='ocrx_word' id='word_1_413' title='bbox 487 4403 623 4482; x_wconf 83' lang='lat' dir='ltr'><strong>significet,</strong></span> <span class='ocrx_word' id='word_1_414' title='bbox 645 4421 696 4458; x_wconf 91' lang='lat' dir='ltr'><strong>non</strong></span> <span class='ocrx_word' id='word_1_415' title='bbox 719 4405 805 4458; x_wconf 87' lang='lat' dir='ltr'><strong>minus</strong></span> <span class='ocrx_word' id='word_1_416' title='bbox 826 4408 895 4458; x_wconf 89' lang='lat' dir='ltr'><strong>recte</strong></span> <span class='ocrx_word' id='word_1_417' title='bbox 915 4401 958 4460; x_wconf 88' lang='lat' dir='ltr'><strong>his</strong></span> <span class='ocrx_word' id='word_1_418' title='bbox 978 4406 1064 4461; x_wconf 82' lang='lat' dir='ltr'><strong>vestris</strong></span> <span class='ocrx_word' id='word_1_419' title='bbox 1086 4404 1146 4462; x_wconf 86' lang='lat' dir='ltr'><strong>addi</strong></span> <span class='ocrx_word' id='word_1_420' title='bbox 1167 4411 1239 4483; x_wconf 79' lang='lat' dir='ltr'><strong>geni</strong></span> 
     </span>
     <span class='ocr_line' id='line_1_46' title="bbox 121 4479 1236 4568; baseline 0.001 -19"><span class='ocrx_word' id='word_1_421' title='bbox 121 4495 192 4550; x_wconf 83' lang='lat' dir='ltr'><strong>tirus</strong></span> <span class='ocrx_word' id='word_1_422' title='bbox 211 4493 303 4568; x_wconf 86' lang='lat' dir='ltr'><strong>potnit,</strong></span> <span class='ocrx_word' id='word_1_423' title='bbox 324 4507 399 4564; x_wconf 86' lang='lat' dir='ltr'><strong>qoam</strong></span> <span class='ocrx_word' id='word_1_424' title='bbox 411 4507 489 4565; x_wconf 85' lang='lat' dir='ltr'><strong>qaum</strong></span> <span class='ocrx_word' id='word_1_425' title='bbox 498 4485 647 4558; x_wconf 79' lang='lat' dir='ltr'><strong>Aeschylos</strong></span> <span class='ocrx_word' id='word_1_426' title='bbox 667 4484 735 4543; x_wconf 88' lang='lat' dir='ltr'><strong>disit</strong></span> <span class='ocrx_word' id='word_1_427' title='bbox 755 4479 850 4545; x_wconf 74' lang='grc' dir='ltr'><em>στένω</em></span> <span class='ocrx_word' id='word_1_428' title='bbox 865 4504 904 4544; x_wconf 84' lang='grc' dir='ltr'><strong>σι</strong></span> <span class='ocrx_word' id='word_1_429' title='bbox 925 4487 980 4558; x_wconf 68' lang='lat' dir='ltr'><strong>ade</strong></span> <span class='ocrx_word' id='word_1_430' title='bbox 994 4481 1161 4566; x_wconf 71' lang='grc' dir='ltr'><strong><em>οὐλομένας</em></strong></span> <span class='ocrx_word' id='word_1_431' title='bbox 1181 4487 1236 4550; x_wconf 72' lang='grc' dir='ltr'><strong>η’-</strong></span> 
     </span>
     <span class='ocr_line' id='line_1_47' title="bbox 118 4561 1235 4656; baseline 0.002 -22"><span class='ocrx_word' id='word_1_432' title='bbox 118 4595 179 4656; x_wconf 81' lang='grc' dir='ltr'><strong>χιις</strong></span> <span class='ocrx_word' id='word_1_433' title='bbox 199 4584 225 4634; x_wconf 90' lang='lat' dir='ltr'><strong>et</strong></span> <span class='ocrx_word' id='word_1_434' title='bbox 245 4571 382 4654; x_wconf 83' lang='grc' dir='ltr'><strong>οιιιιιιρω</strong></span> <span class='ocrx_word' id='word_1_435' title='bbox 408 4593 441 4635; x_wconf 87' lang='lat' dir='ltr'><strong>oe</strong></span> <span class='ocrx_word' id='word_1_436' title='bbox 468 4564 629 4655; x_wconf 77' lang='grc' dir='ltr'><strong>θεσφάτου</strong></span> <span class='ocrx_word' id='word_1_437' title='bbox 648 4561 763 4653; x_wconf 75' lang='grc' dir='ltr'><strong><em>μόρου.</em></strong></span> <span class='ocrx_word' id='word_1_438' title='bbox 799 4571 920 4648; x_wconf 80' lang='lat' dir='ltr'><strong>Denique</strong></span> <span class='ocrx_word' id='word_1_439' title='bbox 941 4593 974 4632; x_wconf 90' lang='lat' dir='ltr'><strong>ne</strong></span> <span class='ocrx_word' id='word_1_440' title='bbox 995 4567 1053 4654; x_wconf 79' lang='grc' dir='ltr'><strong>ὅση</strong></span> <span class='ocrx_word' id='word_1_441' title='bbox 1074 4574 1216 4656; x_wconf 61' lang='lat' dir='ltr'><strong>quiderm·</strong></span> <span class='ocrx_word' id='word_1_442' title='bbox 1207 4599 1235 4636; x_wconf 91' lang='grc' dir='ltr'><strong>ιιι</strong></span> 
     </span>
    </p>
   </div>
   <div class='ocr_carea' id='block_1_8' title="bbox 0 0 1520 5132">
    <p class='ocr_par' dir='ltr' id='par_1_9' title="bbox 0 0 1520 5132">
     <span class='ocr_line' id='line_1_48' title="bbox 0 0 1520 5132; baseline 0 4"><span class='ocrx_word' id='word_1_443' title='bbox 0 0 1520 5132; x_wconf 95' lang='lat' dir='ltr'><strong> </strong></span> 
     </span>
    </p>
   </div>
  </div>
 </body>
</html>
