3028 5136
22 367 35 412 b

691 245 717 314 7

148 419 299 515 νέμουσι
323 426 443 516 μῆλα,
470 419 616 498 νεανίαι
641 418 864 521 πεφυκότες,

147 541 217 654 ἐγώ
243 542 284 618 δὲ
310 551 476 644 πληροῦν
496 548 632 645 πίστρα
657 545 721 620 καὶ
746 545 889 646 σαίρειν
915 549 1045 652 στέγας

143 668 268 764 μένων
285 669 465 771 τέταγμαι
489 666 618 758 τόςδε,
643 677 698 772 τῷ
722 699 762 744 τε
787 659 960 770 dccccliii

143 789 319 868 Κύκλωπι
344 792 508 869 δείπνων
533 793 696 869 ἀνοσίων
721 791 906 880 διοίκονος.

142 917 206 992 καὶ
230 925 302 992 νῦν
327 915 375 992 τοὶ
400 918 672 1016 προςτοιχθέντ’
697 919 912 1022 ἀναγκαίως
938 923 1011 1018 ἔχει

144 1040 284 1140 σαίρειν
310 1041 446 1140 σιδηρᾷ
467 1042 560 1138 τῇδέ
579 1044 624 1140 μ’
652 1039 803 1146 ἁρποίγῃ
829 1041 989 1143 δόμους,

142 1165 193 1248 ὠς
217 1161 284 1239 τόν
308 1165 346 1239 τ’
371 1163 517 1242 ἀπόντα
543 1164 728 1262 δεσπότην
750 1170 930 1245 Κόκλωπ’
958 1169 1049 1266 ἐμὸν

139 1292 368 1388 καθαροῖσιν
393 1291 540 1391 ἄντροις
563 1288 664 1390 μῆλοί
688 1293 726 1366 τ’
751 1292 1015 1394 εὶςδιχυίμιθα.

138 1413 208 1509 ἤδη
230 1413 272 1489 δὲ·
297 1413 434 1498 παῖδας
460 1416 733 1514 προςνέμοντας
757 1423 886 1518 είςοριῦ

138 1539 309 1637 ποίμνας.
343 1538 380 1612 τί
404 1547 546 1628 ταῦτα,ο
571 1547 658 1635 μῶν
683 1539 817 1638 κρότος
840 1544 1058 1621 σικιννίδων

136 1664 263 1760 ὅμοιος
287 1663 379 1761 ὑμῖν
399 1671 472 1739 νῦν
495 1693 534 1739 τε
557 1665 657 1760 χῶτι
681 1665 839 1767 Βακχίῳ

135 1937 203 2018 quid
230 1940 361 1997 universe
390 1937 470 2017 desig
453 1951 565 1998 natum
593 1938 694 2001 deinde
716 1961 768 2021 per
789 1951 883 2022 partes
905 1942 1073 2022 explicatur,
1095 1943 1163 2023 μίν,
1190 1964 1245 2002 non
1299 2019 1301 2022 Ι

132 2021 185 2102 μὲν
207 2012 277 2096 οὖν,
298 2023 372 2080 iusta
393 2024 532 2100 particula
553 2034 607 2082 cst.

216 2123 269 2182 28.
313 2119 499 2192 Piersonum,
523 2123 571 2198 qui
593 2123 621 2179 in
641 2121 778 2182 Verisim.
803 2145 832 2202 p.
856 2123 927 2185 142.
953 2123 1057 2203 quod'
1049 2147 1077 2183 ιιι
1101 2124 1180 2183 libris
1201 2135 1246 2184 est

131 2205 251 2284 νέμουσι
272 2207 349 2303 μῆλα
372 2201 433 2278 νέα,
455 2164 516 2263 νέόι
530 2199 717 2301 πεφυκότες,
730 2205 816 2263 scribi
839 2207 921 2264 iussit
938 2206 1057 2286 νέμουσι
1072 2212 1159 2287 μῆλα,
1180 2230 1244 2268 νεα-

130 2289 194 2349 νίαι
218 2282 396 2364 πεφυκότες,
426 2287 537 2363 sequuti
567 2296 632 2344 sunt
654 2289 798 2345 novissimi
820 2287 955 2347 editores.
1000 2289 1151 2350 Librorum
1173 2292 1245 2349 scri-

132 2381 243 2450 pturam
264 2367 416 2428 defendere
438 2367 545 2426 studuit
564 2369 706 2428 Frankius
728 2389 774 2442 co,
798 2369 872 2449 quod
895 2370 1009 2430 Silenus
1026 2391 1104 2430 suam
1121 2383 1242 2432 aetatem

131 2473 196 2511 cum
218 2462 309 2510 aetate
332 2453 453 2510 liliorum
474 2462 503 2510 et
525 2471 594 2530 quas
617 2451 658 2509 illi
680 2452 834 2530 pascebant
854 2454 947 2512 ovium
969 2465 1123 2532 comparet.
1167 2454 1243 2514 Mihi

130 2538 187 2596 boc
213 2536 340 2616 argutius
370 2555 452 2614 quam
482 2536 576 2594 verius
598 2533 719 2594 videtur.

213 2637 265 2697 39
308 2633 376 2694 Non
406 2621 604 2694 animaduertit
593 2632 802 2706 tPicrsonus,
832 2653 916 2712 quum
942 2633 1035 2714 μένων
1056 2635 1191 2692 insulsum
1213 2647 1242 2694 et

128 2719 206 2778 omni
234 2737 318 2776 sensu
348 2737 466 2778 vacuum
496 2737 559 2776 csse
592 2716 678 2788 dixit,
709 2737 761 2797 pro
790 2736 881 2795 eoque
907 2718 993 2776 scribi
1021 2715 1113 2799 γέρων
1138 2719 1238 2789 voluit,

128 2811 247 2881 propter
266 2799 423 2898 idipsum,
449 2800 523 2878 quod
545 2820 633 2860 senex
653 2802 700 2871 sit,
725 2819 839 2860 manere
856 2819 887 2858 se
908 2798 1003 2860 dicere
1025 2800 1164 2862 Silenum.
1202 2762 1242 2859 El

127 2903 225 2942 senem
253 2903 315 2942 esse
345 2883 398 2962 ipsi
423 2884 557 2942 videbant
585 2893 771 2963 spectatores.
814 2880 890 2942 Edd.
913 2895 982 2943 vett.
1005 2883 1079 2967 τῷδε
1099 2883 1240 2963 δυςσεβεῖ,

127 2965 203 3046 quod
233 2967 321 3024 miror
346 2965 530 3025 defensum
523 2966 606 3024 ivisse
636 2967 802 3025 Frankium.
847 2965 1018 3025 Rectissime
1025 2947 1118 3028 Vlct.
1135 2969 1181 3050 τῷ
1201 2987 1242 3040 τε,

126 3049 203 3130 quod
232 3049 333 3107 merito
363 3061 532 3128 receperunt
553 3049 697 3108 novissimi
718 3048 853 3108 editores.
905 3040 1020 3129 Duplex
1038 3069 1138 3108 munus
1159 3066 1240 3108 suum

125 3151 191 3192 csse
214 3131 283 3191 dicit
301 3131 431 3204 Silenus,
457 3152 541 3190 unum
563 3143 594 3190 nt
613 3132 708 3190 alveos
731 3133 863 3211 impleat,
888 3131 924 3190 ad
942 3153 1012 3211 qnos
1035 3142 1188 3210 potum„
1153 3151 1241 3190 avan-

124 3227 175 3274 tur
196 3235 279 3287 ones,
300 3226 450 3296 terretque
468 3226 597 3287 antrum,
621 3216 740 3279 alterum
762 3226 794 3272 ut
814 3233 929 3272 coenam
951 3225 1069 3292 apparet
1088 3212 1220 3292 Cyclopi.

211 3315 262 3376 33.
306 3313 382 3373 Εόδ.
415 3326 484 3373 tctt.
517 3309 641 3400 ἁρπαγῇ.
683 3307 805 3374 Vict.‘
787 3307 910 3394 αρπάγη.
953 3312 1012 3370 lam
1034 3311 1077 3370 lo.
1100 3309 1240 3370 Miltonus

126 3391 243 3482 ἀρποίγῃ
281 3395 459 3456 scribendum
494 3397 614 3457 uiderat.
668 3398 876 3462 Grammaticus
910 3398 939 3454 lu
969 3395 1095 3454 Belleri
1124 3393 1236 3453 Anecd.

125 3501 155 3559 P·
176 3459 250 3551 449,
280 3482 330 3544 lli.
331 3475 480 3581 ἀρπαγη.
519 3476 709 3562 ὀξυτόνως
687 3507 706 3561 η
730 3475 855 3562 ἁρπαγή.
888 3475 921 3540 τό
943 3477 975 3540 δὲ
996 3482 1098 3550 σκεῦος
1118 3473 1240 3559 βαρυτό-

124 3587 201 3639 νιος,
221 3559 264 3624 ἵν’
288 3553 431 3650 ᾖόνομοι.

209 3663 261 3724 37.
305 3659 466 3724 Florentinl
487 3650 644 3732 σικινίδων.
687 3661 843 3722 ΡιιειιΙει
857 3659 1010 3738 geminatio
1031 3659 1153 3719 litterae.

175 3758 480 3903 ν38.ε81ι1.ημῖυ.
524 3763 605 3843 Quae
631 3771 767 3845 sequutae
797 3770 881 3829 sunt,
912 3752 996 3842 δμῖν,
1025 3768 1057 3815 ut
1079 3758 1239 3816 Florentini
1269 3726 1273 3732 .

125 3853 155 3900 et
206 3845 245 3902 ict
1266 3856 1268 3860 ·

209 3941 260 4002 39.
305 3941 385 4004 Libri
403 3947 504 4022 κῶμοι.
545 3942 741 4006 Personusrn
757 3938 833 3999 Adv.
852 3942 925 4003 268.
948 3933 1045 4020 νόμῳ,
1067 3935 1142 4016 quod
1158 3957 1239 3996 recc-

125 4031 228 4119 perant
249 4026 433 4082 recentiores.
447 3967 700 4084 μΡιιιοίοιιιιιδιιιιι
723 4022 810 4094 duxi,
839 4021 913 4102 quod
935 4023 1056 4081 Bothius
1077 4022 1234 4099 proposuit,

123 4098 240 4184 κώμοις.
275 4103 392 4182 Respici
408 4125 467 4164 rem
487 4108 589 4166 fabulis
606 4107 737 4184 satyricis
752 4115 912 4177 tractatam,
937 4107 1046 4165 monuit
1061 4103 1236 4166 Welclterus

124 4189 153 4246 in
175 4184 343 4265 Appendice
364 4187 510 4264 Trilogiee
541 4210 569 4267 p
589 4190 662 4249 298.
707 4188 840 4264 Hyginus
862 4189 920 4250 feb
939 4191 1012 4253 129.
1042 4189 1131 4248 teter
1152 4207 1235 4264 quum

123 4273 165 4338 υιί,
191 4275 316 4342 ιΟειιοιιυι
349 4271 522 4330 Ρσνιίισοιιίι
540 4271 639 4347 file'mo
667 4272 696 4328 ιἰι
726 4271 875 4345 Ιιοιγι’“ιιιιιιι
899 4274 1038 4342 venisset,
1066 4272 1234 4340 Althaeam,

127 4356 239 4415 Thestii
252 4355 514 4434 μίίσνιμισονεοι
540 4354 646 4423 Oenei,
678 4351 833 4410 adamavit.
881 4352 963 4432 Quod
989 4357 1098 4412 Oeneus
1120 4363 1155 4414 ut
1173 4373 1236 4412 scu-

122 4439 160 4498 sit
167 4479 177 4509 ,
207 4440 354 4502 uoluntate
375 4455 429 4500 ιιισ
451 4456 488 4498 ου
509 4435 579 4498 urle
601 4437 743 4506 occessit,
774 4434 943 4516 simulatque
965 4454 995 4492 se
1017 4453 1104 4495 secra
1117 4435 1233 4516 fucere.
