3028 5136
617 339 688 411 101

178 518 245 614 ,td
269 520 337 622 μοί
360 549 426 619 μοι
432 573 446 608 ,

198 644 360 746 κόμττων
383 641 597 745 μεταρσίων
618 638 758 742 πρόσω.

417 953 429 983 s
544 845 763 921 ΧΟΡΟΣ.

457 976 755 1078 ἅντιστροφὴ
788 973 843 1080 y'.

198 1119 315 1222 μόνος
341 1116 515 1219 μόνωσιν
540 1121 581 1196 ἐν
607 1115 739 1217 δόμοις
762 1118 997 1220 ἀναστρέφει.

528 1329 798 1403 ΠΗΛΕΥΣ.

200 1476 327 1554 οὐκέτ’
355 1474 433 1552 τ’στί
456 1506 520 1575 μω
545 1472 668 1559 πόλις·

197 1610 367 1702 σκῆπτρα
392 1597 483 1678 τόδ’
510 1599 640 1700 ἐρρέτω
658 1598 715 1674 ’πὶ
738 1604 834 1701 μᾶν,

198 1724 247 1803 σό
271 1727 322 1814 τ’,
349 1724 380 1802 τό
404 1726 494 1802 κατ’
521 1727 642 1825 ἄντρα
667 1721 786 1822 μόχτα
812 1720 963 1818 Νηρέως
984 1715 1097 1819 κόρη,
1202 1781 1204 1788 ,

198 1847 446 1952 πανώλεθρον
471 1859 522 1955 μᾷ
546 1846 727 1928 πίτνοντοί
752 1849 797 1948 μ’
825 1849 920 1948 ὄψει.

94 2069 374 2084 affl

96 2237 146 2297 pes
166 2217 281 2287 versui,
311 2232 394 2294 quern
415 2216 527 2275 restitui
547 2217 655 2276 inserto
676 2206 768 2292 τᾶμό,
796 2195 872 2293 quud
893 2209 992 2270 iisdem
1015 2225 1088 2286 pene
1109 2203 1210 2284 quibus

96 2296 191 2363 πάντα
213 2299 316 2358 {itteris
336 2299 472 2379 seriptum
494 2299 661 2376 neglexerat
683 2297 788 2355 seriba.

180 2407 273 2472 1187.
317 2404 386 2464 Neu
409 2416 454 2465 est
474 2406 501 2462 in
525 2404 605 2462 libris
626 2396 660 2463 ἰοί
676 2402 727 2481 μοί
747 2402 806 2482 μοί,
829 2396 1036 2479 quodpropter
1052 2391 1207 2472 stropbiea‚

98 2491 228 2570 quoniam
257 2498 377 2568 utroque
408 2489 472 2548 ineo
499 2488 673 2568 aptissimum
702 2496 763 2558 est,
794 2484 887 2565 posui.
932 2481 965 2540 ln
996 2477 1112 2557 stropha
1134 2471 1210 2553 quod

98 2576 224 2717 ppsrispsasp
240 2573 432 2714 ρίρρθιρρρσίαο
454 2583 520 2631 sunt
541 2572 569 2628 in
586 2569 667 2628 Flor.
690 2568 729 2628 A.
750 2567 800 2632 10.
824 2565 915 2626 videri
935 2572 1054 2645 possunt
1073 2579 1090 2618 a
1112 2557 1210 2616 metri-

180 2763 273 2825 1188.
318 2761 400 2819 Libri
419 2756 523 2845 κόμπῳ
543 2759 684 2844 μεταρσίῳ
704 2752 812 2841 πρόσω.
855 2752 968 2813 Reiskii
985 2733 1209 2809 emendationem

97 2840 217 2925 κόμπον
242 2845 401 2926 μεταρσίων
426 2838 526 2925 πρόσω
555 2845 695 2902 nerninem
717 2863 772 2900 non
795 2838 958 2920 probavisse
981 2831 1122 2903 dicerem,
1154 2829 1209 2887 nisi

99 2950 169 2989 unus
191 2939 285 2987 tamen
307 2927 463 2987 exstitisset
482 2927 667 3005 Lentingius‚
692 2927 740 3005 qni
761 2923 884 2983 mirabili
906 2940 957 2980 suo
979 2915 1209 2996 invente—anmi

98 3012 239 3110 μεταρσίρτ
258 3007 376 3092 πρόσω,
401 3009 477 3092 quod
498 3012 606 3070 aerium
628 3029 735 3070 remum
758 3008 949 3085 significaret,
971 2997 1139 3080 Euripidem
1161 3016 1208 3054 er-

99 3107 192 3156 ratum
215 3095 323 3154 ivisset.

180 3201 274 3266 1189.
320 3199 416 3260 Havn.
440 3193 635 3278 ἀναστρέφων.

181 3308 275 3372 1190.
319 3306 389 3367 Ald.
413 3307 478 3366 rell.
503 3301 599 3366 οὐκέτι
620 3327 669 3384 μοι
687 3297 787 3377 πόλις,
808 3295 900 3372 πόλις.
944 3295 994 3355 Sie
1015 3296 1099 3354 etiam
1115 3292 1205 3351 Taur.

100 3395 187 3536 bt?
189 3412 206 3450 ⁰
218 3411 296 3535 iiii
296 3411 313 3450 ²
323 3393 404 3533 iiii
406 3383 594 3532 ‘umniiiii'
589 3385 756 3531 itini}
758 3377 1065 3528 ‘'iihbfflbbir'i
1069 3376 1206 3523 ‘nibil

101 3555 163 3622 οὔτ’
186 3519 260 3638 iuni.
292 3517 489 3637 'laepia’vero
505 3519 576 3615 iiaee
593 3558 752 3635 importune
768 3513 870 3630 aigne
886 3507 1026 3610 sententia
1042 3505 1096 3605 est.
1125 3503 1208 3645 jNen

102 3640 281 3702 dubitandum
304 3652 373 3722 puto
395 3641 462 3720 quin
483 3638 636 3718 Euripides
657 3638 804 3716 scripserit
825 3629 920 3696 οὐκέτ’
944 3630 1005 3693 ἐστί
1025 3651 1075 3710 μοι
1095 3631 1188 3698 στολις.

181 3751 275 3812 1191.
319 3747 401 3808 Libri
428 3740 560 3827 σκῆπτρά
588 3740 616 3807 τ’
649 3741 754 3825 ἐρρέτω
778 3738 844 3804 τόδ’
869 3739 917 3803 ἐπὶ
939 3744 1035 3822 γαῖαν.
1077 3733 1124 3793 Ex
1146 3751 1209 3790 mea

103 3831 295 3891 emendatione
316 3851 429 3892 versum
451 3829 529 3890 dedit
549 3829 586 3889 L.
609 3826 787 3889 Diudorfius.

182 3941 274 4008 1192.
320 3938 402 3997 Libri
421 3932 487 4000 κατ’
513 3931 603 4017 όιντρα
622 3930 716 4014 νόχια.
759 3933 792 3992 ln
814 3930 883 3990 Par.
906 3926 946 3986 A.
972 3924 1208 4004 suprascriptum

103 4015 203 4122 fluidae:
242 4023 276 4082 ln
297 4021 368 4122 Par.
391 4021 428 4080 B.
447 4021 638 4119 'innrargine'
652 4041 696 4157 γρ.
718 4010 828 4095 βόθια,
849 4009 976 4118 τουτέστι
993 4004 1098 4089 βαθέα.
1137 4003 1209 4077 Quis

105 4103 272 4188 nonqudeat
291 4127 379 4186 μοχτα
398 4123 546 4184 scripsisse
567 4101 669 4184 Euripi
690 4103 756 4158 em?

181 4214 275 4274 1193.
319 4211 405 4271 Lase.
443 4209 513 4270 Aid.
544 4199 737 4288 σαναίλεθρόν
771 4197 803 4282 μ’
834 4196 923 4279 tuear
950 4198 1109 4259 πττνοῦντα
1136 4184 1211 4271 πρὸς

103 4299 162 4377 γᾶν.
203 4294 268 4355 Νοο
289 4296 402 4354 variant
422 4295 504 4366 libri,
533 4292 589 4350 nisi
610 4286 685 4370 quod
707 4289 866 4359 πιτνοίντα,
892 4276 1045 4353 eandm,
1073 4275 1211 4338 πίτνοντα

105 4379 251 4458 praebent,
274 4391 304 4438 et
319 4378 400 4438 Flar.
423 4378 463 4438 A.
482 4373 596 4454 ὄψεται.
637 4369 721 4433 Unde
737 4389 806 4431 vero
823 4369 933 4447 epicuru
951 4361 1059 4442 ipsae?
1101 4357 1211 4417 Nescio

106 4463 163 4540 quis
184 4463 275 4520 malus
297 4463 431 4522 metricus
453 4463 524 4522 baeu
546 4456 726 4518 enniinxerit.
779 4449 925 4532 Euripidis
947 4449 1001 4507 fuit
1020 4436 1215 4522 πανώλεθρον

105 4549 140 4630 γᾷ
159 4539 296 4608 ττίτνοντοί
316 4541 347 4625 μ’
373 4541 451 4624 dapes.
