<?xml version="1.0" encoding="UTF-8"?>
<!DOCTYPE html PUBLIC "-//W3C//DTD XHTML 1.0 Transitional//EN"
    "http://www.w3.org/TR/xhtml1/DTD/xhtml1-transitional.dtd">
<html xmlns="http://www.w3.org/1999/xhtml" xml:lang="en" lang="en">
 <head>
  <title>
</title>
<meta http-equiv="Content-Type" content="text/html;charset=utf-8" />
  <meta name='ocr-system' content='tesseract 3.04.00' />
  <meta name='ocr-capabilities' content='ocr_page ocr_carea ocr_par ocr_line ocrx_word'/>
</head>
<body>
  <div class='ocr_page' id='page_1' title='image "./euripidistragoe09eurigoog/euripidistragoe09eurigoog_0660.png"; bbox 0 0 2994 5128; ppageno 0'>
   <div class='ocr_carea' id='block_1_1' title="bbox 218 300 818 774">
    <p class='ocr_par' dir='ltr' id='par_1_1' title="bbox 218 300 818 774">
     <span class='ocr_line' id='line_1_1' title="bbox 653 300 709 374; baseline 0 0"><span class='ocrx_word' id='word_1_1' title='bbox 653 300 709 374; x_wconf 63' lang='lat'>25</span> 
     </span>
     <span class='ocr_line' id='line_1_2' title="bbox 570 501 818 576; baseline 0 -2"><span class='ocrx_word' id='word_1_2' title='bbox 570 502 615 574; x_wconf 84' lang='lat' dir='ltr'><em>X</em></span> <span class='ocrx_word' id='word_1_3' title='bbox 620 501 794 576; x_wconf 83' lang='grc' dir='ltr'><strong>ΟΡΟΣ.</strong></span> <span class='ocrx_word' id='word_1_4' title='bbox 814 514 818 518; x_wconf 83' lang='grc'><strong>’</strong></span> 
     </span>
     <span class='ocr_line' id='line_1_3' title="bbox 218 670 677 774; baseline -0.009 -18"><span class='ocrx_word' id='word_1_5' title='bbox 218 678 341 756; x_wconf 77' lang='grc' dir='ltr'><strong><em>εὕδειν</em></strong></span> <span class='ocrx_word' id='word_1_6' title='bbox 365 673 437 774; x_wconf 72' lang='grc' dir='ltr'>μὲν</span> <span class='ocrx_word' id='word_1_7' title='bbox 462 670 532 752; x_wconf 78' lang='grc' dir='ltr'><strong><em>οὖν</em></strong></span> <span class='ocrx_word' id='word_1_8' title='bbox 556 674 677 762; x_wconf 74' lang='grc' dir='ltr'><strong><em>ἔδοξα.</em></strong></span> 
     </span>
    </p>
   </div>
   <div class='ocr_carea' id='block_1_2' title="bbox 221 873 868 1273">
    <p class='ocr_par' dir='ltr' id='par_1_2' title="bbox 221 873 868 1273">
     <span class='ocr_line' id='line_1_4' title="bbox 408 873 833 958; baseline 0.009 -12"><span class='ocrx_word' id='word_1_9' title='bbox 408 950 412 958; x_wconf 54' lang='grc'><strong><em>,</em></strong></span> <span class='ocrx_word' id='word_1_10' title='bbox 534 873 621 946; x_wconf 84' lang='lat' dir='ltr'>HA</span> <span class='ocrx_word' id='word_1_11' title='bbox 627 877 707 946; x_wconf 81' lang='grc' dir='ltr'>ΕΚ</span> <span class='ocrx_word' id='word_1_12' title='bbox 710 875 833 950; x_wconf 87' lang='lat' dir='ltr'><em>TPA.</em></span> 
     </span>
     <span class='ocr_line' id='line_1_5' title="bbox 221 1043 868 1147; baseline 0.009 -23"><span class='ocrx_word' id='word_1_13' title='bbox 221 1046 290 1124; x_wconf 80' lang='grc' dir='ltr'>οὐκ</span> <span class='ocrx_word' id='word_1_14' title='bbox 314 1047 382 1147; x_wconf 80' lang='grc' dir='ltr'>ἀφ’</span> <span class='ocrx_word' id='word_1_15' title='bbox 410 1043 539 1146; x_wconf 80' lang='grc' dir='ltr'><strong><em>ἡμῶν,</em></strong></span> <span class='ocrx_word' id='word_1_16' title='bbox 566 1047 635 1124; x_wconf 78' lang='grc' dir='ltr'>οὐκ</span> <span class='ocrx_word' id='word_1_17' title='bbox 659 1047 724 1124; x_wconf 77' lang='grc' dir='ltr'>ἀπ’</span> <span class='ocrx_word' id='word_1_18' title='bbox 754 1053 868 1130; x_wconf 80' lang='grc' dir='ltr'><strong><em>οἴκων</em></strong></span> 
     </span>
     <span class='ocr_line' id='line_1_6' title="bbox 221 1169 814 1273; baseline 0.008 -24"><span class='ocrx_word' id='word_1_19' title='bbox 221 1169 332 1252; x_wconf 81' lang='grc' dir='ltr'><strong><em>πόλιν</em></strong></span> <span class='ocrx_word' id='word_1_20' title='bbox 358 1174 432 1252; x_wconf 85' lang='grc' dir='ltr'><strong><em>ἄνα</em></strong></span> <span class='ocrx_word' id='word_1_21' title='bbox 456 1175 646 1273; x_wconf 78' lang='grc' dir='ltr'><strong><em>μεθεμένα</em></strong></span> <span class='ocrx_word' id='word_1_22' title='bbox 670 1171 814 1256; x_wconf 79' lang='grc' dir='ltr'><strong><em>κτύπου</em></strong></span> 
     </span>
    </p>
   </div>
   <div class='ocr_carea' id='block_1_3' title="bbox 221 1297 597 1394">
    <p class='ocr_par' dir='ltr' id='par_1_3' title="bbox 221 1297 597 1394">
     <span class='ocr_line' id='line_1_7' title="bbox 221 1297 597 1394; baseline -0.003 -16"><span class='ocrx_word' id='word_1_23' title='bbox 221 1297 415 1380; x_wconf 74' lang='lat' dir='ltr'>utiocto</span> <span class='ocrx_word' id='word_1_24' title='bbox 439 1300 577 1389; x_wconf 82' lang='grc' dir='ltr'><strong><em>εἱλίξεις</em></strong></span> <span class='ocrx_word' id='word_1_25' title='bbox 583 1332 597 1394; x_wconf 89' lang='grc'>,·</span> 
     </span>
    </p>
   </div>
   <div class='ocr_carea' id='block_1_4' title="bbox 567 1495 794 1570">
    <p class='ocr_par' dir='ltr' id='par_1_4' title="bbox 567 1495 794 1570">
     <span class='ocr_line' id='line_1_8' title="bbox 567 1495 794 1570; baseline 0.009 -2"><span class='ocrx_word' id='word_1_26' title='bbox 567 1495 794 1570; x_wconf 90' lang='grc' dir='ltr'><strong>ΧΟΡΟΣ.</strong></span> 
     </span>
    </p>
   </div>
   <div class='ocr_carea' id='block_1_5' title="bbox 535 1862 836 1939">
    <p class='ocr_par' dir='ltr' id='par_1_5' title="bbox 535 1862 836 1939">
     <span class='ocr_line' id='line_1_9' title="bbox 535 1862 836 1939; baseline 0.003 -2"><span class='ocrx_word' id='word_1_27' title='bbox 535 1862 836 1939; x_wconf 84' lang='grc' dir='ltr'>ΗΛΕΚΤΡΑ.</span> 
     </span>
    </p>
   </div>
   <div class='ocr_carea' id='block_1_6' title="bbox 216 2035 1319 2522">
    <p class='ocr_par' dir='ltr' id='par_1_6' title="bbox 216 2035 1319 2522">
     <span class='ocr_line' id='line_1_10' title="bbox 425 2035 614 2142; baseline 0.021 -29"><span class='ocrx_word' id='word_1_28' title='bbox 425 2037 538 2142; x_wconf 72' lang='grc' dir='ltr'><strong><em>λέγεις</em></strong></span> <span class='ocrx_word' id='word_1_29' title='bbox 561 2035 614 2117; x_wconf 82' lang='grc' dir='ltr'>εὖ.</span> 
     </span>
     <span class='ocr_line' id='line_1_11' title="bbox 216 2150 635 2257; baseline -0.002 -14"><span class='ocrx_word' id='word_1_30' title='bbox 216 2150 370 2257; x_wconf 59' lang='lat' dir='ltr'>&#39;orderico</span> <span class='ocrx_word' id='word_1_31' title='bbox 396 2162 529 2243; x_wconf 87' lang='grc' dir='ltr'><strong><em>πότ’νια</em></strong></span> <span class='ocrx_word' id='word_1_32' title='bbox 553 2164 635 2256; x_wconf 84' lang='grc' dir='ltr'><strong><em>νύξ,</em></strong></span> 
     </span>
     <span class='ocr_line' id='line_1_12' title="bbox 222 2287 1319 2394; baseline 0.002 -24"><span class='ocrx_word' id='word_1_33' title='bbox 222 2290 469 2393; x_wconf 77' lang='grc' dir='ltr'><strong><em>ὑπνοδότειρα</em></strong></span> <span class='ocrx_word' id='word_1_34' title='bbox 492 2299 571 2369; x_wconf 82' lang='grc' dir='ltr'><strong><em>τῶν</em></strong></span> <span class='ocrx_word' id='word_1_35' title='bbox 596 2287 819 2370; x_wconf 77' lang='grc' dir='ltr'><em>πολυπόνων</em></span> <span class='ocrx_word' id='word_1_36' title='bbox 842 2295 1008 2394; x_wconf 80' lang='grc' dir='ltr'><strong><em>βροτῶν,</em></strong></span> <span class='ocrx_word' id='word_1_37' title='bbox 1256 2304 1319 2372; x_wconf 84' lang='lat'>17⁰</span> 
     </span>
     <span class='ocr_line' id='line_1_13' title="bbox 224 2415 1000 2522; baseline 0.005 -27"><span class='ocrx_word' id='word_1_38' title='bbox 224 2417 405 2520; x_wconf 75' lang='grc' dir='ltr'>ἐρεβόθεν</span> <span class='ocrx_word' id='word_1_39' title='bbox 428 2423 502 2509; x_wconf 76' lang='grc' dir='ltr'><strong><em>ἴθι,</em></strong></span> <span class='ocrx_word' id='word_1_40' title='bbox 527 2415 631 2517; x_wconf 82' lang='grc' dir='ltr'><strong><em>μόλε,</em></strong></span> <span class='ocrx_word' id='word_1_41' title='bbox 658 2415 748 2518; x_wconf 71' lang='grc' dir='ltr'><strong><em>μόλε</em></strong></span> <span class='ocrx_word' id='word_1_42' title='bbox 773 2417 1000 2522; x_wconf 73' lang='grc' dir='ltr'><strong><em>κατάπτερος</em></strong></span> 
     </span>
    </p>
   </div>
   <div class='ocr_carea' id='block_1_7' title="bbox 224 2542 841 2651">
    <p class='ocr_par' dir='ltr' id='par_1_7' title="bbox 224 2542 841 2651">
     <span class='ocr_line' id='line_1_14' title="bbox 224 2542 841 2651; baseline 0 -29"><span class='ocrx_word' id='word_1_43' title='bbox 224 2547 292 2625; x_wconf 84' lang='grc' dir='ltr'><strong><em>τὸν</em></strong></span> <span class='ocrx_word' id='word_1_44' title='bbox 305 2547 601 2651; x_wconf 74' lang='grc' dir='ltr'><strong><em>Ἀγαμεμνόνιον</em></strong></span> <span class='ocrx_word' id='word_1_45' title='bbox 625 2545 684 2622; x_wconf 81' lang='grc' dir='ltr'>ἐπὶ</span> <span class='ocrx_word' id='word_1_46' title='bbox 709 2542 841 2643; x_wconf 80' lang='grc' dir='ltr'><strong><em>δόμον.</em></strong></span> 
     </span>
    </p>
   </div>
   <div class='ocr_carea' id='block_1_8' title="bbox 132 2803 383 2816">
    <p class='ocr_par' dir='ltr' id='par_1_8' title="bbox 132 2803 383 2816">
     <span class='ocr_line' id='line_1_15' title="bbox 132 2803 383 2816; baseline -0.004 -2"><span class='ocrx_word' id='word_1_47' title='bbox 132 2803 383 2816; x_wconf 54' lang='lat' dir='ltr'><em>m</em></span> 
     </span>
    </p>
   </div>
   <div class='ocr_carea' id='block_1_9' title="bbox 120 2939 1250 3212">
    <p class='ocr_par' dir='ltr' id='par_1_9' title="bbox 120 2939 1250 3212">
     <span class='ocr_line' id='line_1_16' title="bbox 120 2939 1249 3073; baseline 0.001 -48"><span class='ocrx_word' id='word_1_48' title='bbox 120 2963 188 3025; x_wconf 84' lang='lat' dir='ltr'>haee</span> <span class='ocrx_word' id='word_1_49' title='bbox 207 2968 288 3026; x_wconf 84' lang='lat' dir='ltr'>veria</span> <span class='ocrx_word' id='word_1_50' title='bbox 307 2969 451 3026; x_wconf 71' lang='lat' dir='ltr'><strong>trimetrum</strong></span> <span class='ocrx_word' id='word_1_51' title='bbox 473 2953 611 3025; x_wconf 74' lang='lat' dir='ltr'>iambicam</span> <span class='ocrx_word' id='word_1_52' title='bbox 633 2986 691 3025; x_wconf 86' lang='lat' dir='ltr'>eum</span> <span class='ocrx_word' id='word_1_53' title='bbox 712 2953 832 3026; x_wconf 85' lang='lat' dir='ltr'>dochmio</span> <span class='ocrx_word' id='word_1_54' title='bbox 854 2970 1022 3026; x_wconf 73' lang='lat' dir='ltr'>continuisse.</span> <span class='ocrx_word' id='word_1_55' title='bbox 1061 2939 1192 3030; x_wconf 74' lang='lat' dir='ltr'>Quare⁹</span> <span class='ocrx_word' id='word_1_56' title='bbox 1169 2987 1249 3073; x_wconf 80' lang='grc' dir='ltr'><strong><em>ογαν</em></strong></span> 
     </span>
     <span class='ocr_line' id='line_1_17' title="bbox 125 3045 1250 3152; baseline 0.011 -46"><span class='ocrx_word' id='word_1_57' title='bbox 125 3048 229 3121; x_wconf 85' lang='lat' dir='ltr'>addidi,</span> <span class='ocrx_word' id='word_1_58' title='bbox 260 3051 383 3108; x_wconf 85' lang='lat' dir='ltr'>indicium</span> <span class='ocrx_word' id='word_1_59' title='bbox 411 3052 549 3152; x_wconf 74' lang='lat' dir='ltr'>praebente</span> <span class='ocrx_word' id='word_1_60' title='bbox 578 3051 735 3114; x_wconf 73' lang='lat' dir='ltr'>scholiastae</span> <span class='ocrx_word' id='word_1_61' title='bbox 755 3057 979 3128; x_wconf 79' lang='lat' dir='ltr'>interpretatione.</span> <span class='ocrx_word' id='word_1_62' title='bbox 1010 3045 1123 3134; x_wconf 72' lang='lat' dir='ltr'>dyplwc</span> <span class='ocrx_word' id='word_1_63' title='bbox 1144 3046 1250 3134; x_wconf 71' lang='grc' dir='ltr'><strong><em>φαινό-</em></strong></span> 
     </span>
     <span class='ocr_line' id='line_1_18' title="bbox 123 3124 550 3212; baseline -0.005 -18"><span class='ocrx_word' id='word_1_64' title='bbox 123 3153 217 3206; x_wconf 86' lang='grc' dir='ltr'><strong><em>σαοα,</em></strong></span> <span class='ocrx_word' id='word_1_65' title='bbox 236 3127 376 3212; x_wconf 74' lang='grc' dir='ltr'><strong><em>μεγάλοις</em></strong></span> <span class='ocrx_word' id='word_1_66' title='bbox 395 3124 550 3211; x_wconf 78' lang='grc' dir='ltr'>βοήσαοα.</span> 
     </span>
    </p>
   </div>
   <div class='ocr_carea' id='block_1_10' title="bbox 125 3193 1249 3382">
    <p class='ocr_par' dir='ltr' id='par_1_10' title="bbox 125 3193 1249 3382">
     <span class='ocr_line' id='line_1_19' title="bbox 211 3193 1249 3309; baseline 0.001 -16"><span class='ocrx_word' id='word_1_67' title='bbox 211 3231 281 3293; x_wconf 89' lang='grc'><strong>164.</strong></span> <span class='ocrx_word' id='word_1_68' title='bbox 302 3232 365 3290; x_wconf 82' lang='grc' dir='ltr'>ΔΙδ.</span> <span class='ocrx_word' id='word_1_69' title='bbox 387 3242 413 3290; x_wconf 92' lang='lat' dir='ltr'>et</span> <span class='ocrx_word' id='word_1_70' title='bbox 433 3233 531 3308; x_wconf 88' lang='lat' dir='ltr'>aliquot</span> <span class='ocrx_word' id='word_1_71' title='bbox 552 3231 627 3292; x_wconf 88' lang='lat' dir='ltr'>codd.</span> <span class='ocrx_word' id='word_1_72' title='bbox 654 3225 752 3292; x_wconf 71' lang='grc' dir='ltr'><strong><em>εὕδειν</em></strong></span> <span class='ocrx_word' id='word_1_73' title='bbox 770 3220 884 3309; x_wconf 74' lang='lat' dir='ltr'>ptr</span> <span class='ocrx_word' id='word_1_74' title='bbox 848 3254 902 3294; x_wconf 87' lang='grc' dir='ltr'><strong><em>οιιν</em></strong></span> <span class='ocrx_word' id='word_1_75' title='bbox 923 3254 969 3294; x_wconf 88' lang='grc' dir='ltr'>νιν</span> <span class='ocrx_word' id='word_1_76' title='bbox 989 3193 1090 3307; x_wconf 85' lang='grc' dir='ltr'><strong><em>εδοξα.</em></strong></span> <span class='ocrx_word' id='word_1_77' title='bbox 1111 3235 1185 3296; x_wconf 76' lang='lat' dir='ltr'>Flcr.</span> <span class='ocrx_word' id='word_1_78' title='bbox 1196 3234 1249 3296; x_wconf 79' lang='lat'>38.</span> 
     </span>
     <span class='ocr_line' id='line_1_20' title="bbox 125 3305 1000 3382; baseline 0 -4"><span class='ocrx_word' id='word_1_79' title='bbox 125 3322 222 3378; x_wconf 83' lang='lat' dir='ltr'>omittit</span> <span class='ocrx_word' id='word_1_80' title='bbox 243 3305 307 3377; x_wconf 80' lang='grc' dir='ltr'><strong><em>οόν.</em></strong></span> <span class='ocrx_word' id='word_1_81' title='bbox 349 3317 431 3382; x_wconf 85' lang='lat' dir='ltr'>Recte</span> <span class='ocrx_word' id='word_1_82' title='bbox 451 3336 512 3377; x_wconf 82' lang='lat' dir='ltr'>vero</span> <span class='ocrx_word' id='word_1_83' title='bbox 535 3318 610 3376; x_wconf 79' lang='lat' dir='ltr'>mrolti</span> <span class='ocrx_word' id='word_1_84' title='bbox 632 3317 734 3376; x_wconf 87' lang='lat' dir='ltr'>codices</span> <span class='ocrx_word' id='word_1_85' title='bbox 755 3338 806 3378; x_wconf 92' lang='lat' dir='ltr'>non</span> <span class='ocrx_word' id='word_1_86' title='bbox 829 3317 924 3378; x_wconf 89' lang='lat' dir='ltr'>hahent</span> <span class='ocrx_word' id='word_1_87' title='bbox 944 3339 1000 3380; x_wconf 89' lang='grc' dir='ltr'><strong><em>νιν.</em></strong></span> 
     </span>
    </p>
   </div>
   <div class='ocr_carea' id='block_1_11' title="bbox 124 3409 1249 3649">
    <p class='ocr_par' dir='ltr' id='par_1_11' title="bbox 124 3409 1249 3649">
     <span class='ocr_line' id='line_1_21' title="bbox 212 3409 1248 3498; baseline 0.005 -20"><span class='ocrx_word' id='word_1_88' title='bbox 212 3415 283 3479; x_wconf 97' lang='grc'><strong>166.</strong></span> <span class='ocrx_word' id='word_1_89' title='bbox 313 3417 402 3476; x_wconf 83' lang='lat' dir='ltr'>Libri.</span> <span class='ocrx_word' id='word_1_90' title='bbox 430 3409 521 3479; x_wconf 81' lang='grc' dir='ltr'><strong><em>πόλιν</em></strong></span> <span class='ocrx_word' id='word_1_91' title='bbox 542 3411 601 3476; x_wconf 78' lang='lat' dir='ltr'>ded</span> <span class='ocrx_word' id='word_1_92' title='bbox 622 3410 758 3478; x_wconf 86' lang='grc' dir='ltr'><strong><em>πόδα</em></strong></span> <span class='ocrx_word' id='word_1_93' title='bbox 725 3440 780 3480; x_wconf 78' lang='lat' dir='ltr'>coc</span> <span class='ocrx_word' id='word_1_94' title='bbox 808 3415 923 3492; x_wconf 74' lang='grc' dir='ltr'><strong><em>ειλόξεις</em></strong></span> <span class='ocrx_word' id='word_1_95' title='bbox 944 3415 1100 3498; x_wconf 68' lang='grc' dir='ltr'><strong><em>μεθεμένα</em></strong></span> <span class='ocrx_word' id='word_1_96' title='bbox 1120 3414 1248 3483; x_wconf 81' lang='grc' dir='ltr'><strong><em>ιιεόιιοο.</em></strong></span> 
     </span>
     <span class='ocr_line' id='line_1_22' title="bbox 126 3503 1249 3584; baseline 0.004 -22"><span class='ocrx_word' id='word_1_97' title='bbox 126 3503 266 3562; x_wconf 80' lang='lat' dir='ltr'>Clausulas</span> <span class='ocrx_word' id='word_1_98' title='bbox 288 3522 352 3584; x_wconf 86' lang='lat' dir='ltr'>quas</span> <span class='ocrx_word' id='word_1_99' title='bbox 373 3514 449 3562; x_wconf 87' lang='lat' dir='ltr'>vocat</span> <span class='ocrx_word' id='word_1_100' title='bbox 470 3511 539 3562; x_wconf 89' lang='lat' dir='ltr'>recte</span> <span class='ocrx_word' id='word_1_101' title='bbox 561 3507 722 3582; x_wconf 81' lang='lat' dir='ltr'>transposuit</span> <span class='ocrx_word' id='word_1_102' title='bbox 732 3505 876 3578; x_wconf 83' lang='lat' dir='ltr'>Personas,</span> <span class='ocrx_word' id='word_1_103' title='bbox 898 3503 948 3564; x_wconf 91' lang='lat' dir='ltr'>hoc</span> <span class='ocrx_word' id='word_1_104' title='bbox 964 3515 1004 3567; x_wconf 85' lang='lat' dir='ltr'>est</span> <span class='ocrx_word' id='word_1_105' title='bbox 1022 3505 1167 3566; x_wconf 88' lang='lat' dir='ltr'>dochminm</span> <span class='ocrx_word' id='word_1_106' title='bbox 1190 3510 1249 3567; x_wconf 86' lang='lat' dir='ltr'>euh-</span> 
     </span>
     <span class='ocr_line' id='line_1_23' title="bbox 124 3587 456 3649; baseline 0 -1"><span class='ocrx_word' id='word_1_107' title='bbox 124 3591 186 3649; x_wconf 90' lang='lat' dir='ltr'>ieeit</span> <span class='ocrx_word' id='word_1_108' title='bbox 207 3587 315 3647; x_wconf 88' lang='lat' dir='ltr'>dimetro</span> <span class='ocrx_word' id='word_1_109' title='bbox 336 3591 456 3649; x_wconf 87' lang='lat' dir='ltr'>iambico.</span> 
     </span>
    </p>
   </div>
   <div class='ocr_carea' id='block_1_12' title="bbox 126 3684 1307 4108">
    <p class='ocr_par' dir='ltr' id='par_1_12' title="bbox 126 3684 1307 4108">
     <span class='ocr_line' id='line_1_24' title="bbox 211 3684 1248 3770; baseline 0.002 -20"><span class='ocrx_word' id='word_1_110' title='bbox 211 3687 282 3750; x_wconf 89' lang='grc'><strong>169.</strong></span> <span class='ocrx_word' id='word_1_111' title='bbox 304 3690 496 3750; x_wconf 85' lang='lat' dir='ltr'>Tribuebantur</span> <span class='ocrx_word' id='word_1_112' title='bbox 517 3693 605 3752; x_wconf 86' lang='lat' dir='ltr'>omnia</span> <span class='ocrx_word' id='word_1_113' title='bbox 625 3711 707 3769; x_wconf 84' lang='lat' dir='ltr'>usqne</span> <span class='ocrx_word' id='word_1_114' title='bbox 728 3692 771 3751; x_wconf 89' lang='lat' dir='ltr'>ad</span> <span class='ocrx_word' id='word_1_115' title='bbox 784 3684 936 3770; x_wconf 81' lang='grc' dir='ltr'><strong><em>οῑχόμεθα</em></strong></span> <span class='ocrx_word' id='word_1_116' title='bbox 963 3690 1131 3754; x_wconf 79' lang='grc' dir='ltr'><strong><em>ο1ιοιο..4ι</em></strong></span> <span class='ocrx_word' id='word_1_117' title='bbox 1158 3711 1189 3749; x_wconf 90' lang='lat' dir='ltr'>ea</span> <span class='ocrx_word' id='word_1_118' title='bbox 1216 3697 1248 3752; x_wconf 83' lang='lat' dir='ltr'>ah</span> 
     </span>
     <span class='ocr_line' id='line_1_25' title="bbox 126 3772 1307 3848; baseline 0.003 -17"><span class='ocrx_word' id='word_1_119' title='bbox 126 3772 231 3833; x_wconf 80' lang='lat' dir='ltr'>Electra</span> <span class='ocrx_word' id='word_1_120' title='bbox 253 3778 309 3834; x_wconf 88' lang='lat' dir='ltr'>cani</span> <span class='ocrx_word' id='word_1_121' title='bbox 330 3779 474 3844; x_wconf 74' lang='lat' dir='ltr'>rectissime</span> <span class='ocrx_word' id='word_1_122' title='bbox 495 3782 595 3836; x_wconf 85' lang='lat' dir='ltr'>monuit</span> <span class='ocrx_word' id='word_1_123' title='bbox 616 3776 757 3848; x_wconf 86' lang='lat' dir='ltr'>Seidlerus,</span> <span class='ocrx_word' id='word_1_124' title='bbox 778 3798 830 3836; x_wconf 88' lang='lat' dir='ltr'>non</span> <span class='ocrx_word' id='word_1_125' title='bbox 851 3786 921 3836; x_wconf 88' lang='lat' dir='ltr'>recte</span> <span class='ocrx_word' id='word_1_126' title='bbox 942 3786 1028 3835; x_wconf 83' lang='lat' dir='ltr'>tannen</span> <span class='ocrx_word' id='word_1_127' title='bbox 1043 3775 1075 3834; x_wconf 90' lang='lat' dir='ltr'>ad</span> <span class='ocrx_word' id='word_1_128' title='bbox 1097 3795 1152 3834; x_wconf 88' lang='lat' dir='ltr'>eam</span> <span class='ocrx_word' id='word_1_129' title='bbox 1175 3780 1261 3834; x_wconf 76' lang='lat' dir='ltr'>caue-¹</span> <span class='ocrx_word' id='word_1_130' title='bbox 1305 3810 1307 3815; x_wconf 92' lang='lat'><em>-</em></span> 
     </span>
     <span class='ocr_line' id='line_1_26' title="bbox 127 3844 1250 3938; baseline 0.002 -24"><span class='ocrx_word' id='word_1_131' title='bbox 127 3878 183 3918; x_wconf 87' lang='lat' dir='ltr'>sam</span> <span class='ocrx_word' id='word_1_132' title='bbox 205 3859 320 3918; x_wconf 87' lang='lat' dir='ltr'>adhibita</span> <span class='ocrx_word' id='word_1_133' title='bbox 332 3861 504 3932; x_wconf 78' lang='lat' dir='ltr'>adnotatione</span> <span class='ocrx_word' id='word_1_134' title='bbox 525 3844 695 3932; x_wconf 73' lang='lat' dir='ltr'>scholiastae,</span> <span class='ocrx_word' id='word_1_135' title='bbox 726 3881 792 3937; x_wconf 82' lang='lat' dir='ltr'>qnae</span> <span class='ocrx_word' id='word_1_136' title='bbox 820 3867 932 3938; x_wconf 81' lang='lat' dir='ltr'>pertinet</span> <span class='ocrx_word' id='word_1_137' title='bbox 956 3859 1036 3918; x_wconf 81' lang='lat' dir='ltr'>adv.</span> <span class='ocrx_word' id='word_1_138' title='bbox 1060 3857 1131 3920; x_wconf 84' lang='lat'><strong>139.</strong></span> <span class='ocrx_word' id='word_1_139' title='bbox 1151 3863 1196 3918; x_wconf 85' lang='lat' dir='ltr'>uhi</span> <span class='ocrx_word' id='word_1_140' title='bbox 1218 3860 1250 3917; x_wconf 87' lang='lat' dir='ltr'>de</span> 
     </span>
     <span class='ocr_line' id='line_1_27' title="bbox 128 3925 1248 4022; baseline 0.003 -22"><span class='ocrx_word' id='word_1_141' title='bbox 128 3963 158 4000; x_wconf 88' lang='lat' dir='ltr'>ea</span> <span class='ocrx_word' id='word_1_142' title='bbox 180 3943 244 4004; x_wconf 83' lang='lat' dir='ltr'>dixi.</span> <span class='ocrx_word' id='word_1_143' title='bbox 287 3925 435 4005; x_wconf 80' lang='lat' dir='ltr'>Seceeeisse</span> <span class='ocrx_word' id='word_1_144' title='bbox 455 3947 615 4021; x_wconf 87' lang='lat' dir='ltr'>aliquantum</span> <span class='ocrx_word' id='word_1_145' title='bbox 646 3947 678 4002; x_wconf 86' lang='lat' dir='ltr'>ah</span> <span class='ocrx_word' id='word_1_146' title='bbox 700 3943 793 4006; x_wconf 82' lang='lat' dir='ltr'>Oreste</span> <span class='ocrx_word' id='word_1_147' title='bbox 818 3945 933 4022; x_wconf 85' lang='lat' dir='ltr'>putanda</span> <span class='ocrx_word' id='word_1_148' title='bbox 959 3953 999 4002; x_wconf 88' lang='lat' dir='ltr'>est</span> <span class='ocrx_word' id='word_1_149' title='bbox 1019 3943 1137 4014; x_wconf 82' lang='lat' dir='ltr'>Electra,</span> <span class='ocrx_word' id='word_1_150' title='bbox 1170 3964 1248 4020; x_wconf 86' lang='lat' dir='ltr'><strong>quum</strong></span> 
     </span>
     <span class='ocr_line' id='line_1_28' title="bbox 127 4026 1249 4108; baseline 0 -20"><span class='ocrx_word' id='word_1_151' title='bbox 127 4026 193 4088; x_wconf 87' lang='lat' dir='ltr'>haec</span> <span class='ocrx_word' id='word_1_152' title='bbox 214 4031 292 4102; x_wconf 80' lang='lat' dir='ltr'>canit.</span> <span class='ocrx_word' id='word_1_153' title='bbox 333 4029 411 4088; x_wconf 87' lang='lat' dir='ltr'>Vana</span> <span class='ocrx_word' id='word_1_154' title='bbox 432 4037 507 4099; x_wconf 84' lang='lat' dir='ltr'>eunt,</span> <span class='ocrx_word' id='word_1_155' title='bbox 529 4032 622 4106; x_wconf 84' lang='lat' dir='ltr'>quihus</span> <span class='ocrx_word' id='word_1_156' title='bbox 644 4028 772 4104; x_wconf 77' lang='lat' dir='ltr'>Matthiae</span> <span class='ocrx_word' id='word_1_157' title='bbox 792 4028 903 4090; x_wconf 83' lang='lat' dir='ltr'>Seidleri</span> <span class='ocrx_word' id='word_1_158' title='bbox 929 4032 1084 4088; x_wconf 80' lang='lat' dir='ltr'>sententiam</span> <span class='ocrx_word' id='word_1_159' title='bbox 1106 4033 1249 4108; x_wconf 81' lang='lat' dir='ltr'>impugnat.</span> 
     </span>
    </p>
   </div>
   <div class='ocr_carea' id='block_1_13' title="bbox 6 4125 1339 4616">
    <p class='ocr_par' dir='ltr' id='par_1_13' title="bbox 6 4125 1339 4616">
     <span class='ocr_line' id='line_1_29' title="bbox 213 4125 1339 4200; baseline 0 -12"><span class='ocrx_word' id='word_1_160' title='bbox 213 4125 483 4188; x_wconf 67' lang='lat' dir='ltr'>limianorum</span> <span class='ocrx_word' id='word_1_161' title='bbox 505 4129 1248 4200; x_wconf 80' lang='lat' dir='ltr'>estPorsonnm,cninonnotameratmeirunrdoch·</span> <span class='ocrx_word' id='word_1_162' title='bbox 1334 4133 1339 4140; x_wconf 78' lang='grc'><em>’</em></span> 
     </span>
     <span class='ocr_line' id='line_1_30' title="bbox 127 4205 1249 4294; baseline 0.003 -22"><span class='ocrx_word' id='word_1_163' title='bbox 127 4216 253 4282; x_wconf 83' lang='lat' dir='ltr'>ariacum,</span> <span class='ocrx_word' id='word_1_164' title='bbox 278 4205 333 4273; x_wconf 79' lang='grc' dir='ltr'>τόν</span> <span class='ocrx_word' id='word_1_165' title='bbox 359 4213 501 4284; x_wconf 76' lang='lat' dir='ltr'>delevisse,</span> <span class='ocrx_word' id='word_1_166' title='bbox 531 4235 685 4292; x_wconf 80' lang='lat' dir='ltr'>quamquam</span> <span class='ocrx_word' id='word_1_167' title='bbox 705 4213 774 4274; x_wconf 89' lang='lat' dir='ltr'>idem</span> <span class='ocrx_word' id='word_1_168' title='bbox 795 4224 865 4275; x_wconf 85' lang='lat' dir='ltr'>reete</span> <span class='ocrx_word' id='word_1_169' title='bbox 885 4219 990 4293; x_wconf 75' lang='lat' dir='ltr'>scripsit</span> <span class='ocrx_word' id='word_1_170' title='bbox 1005 4207 1249 4294; x_wconf 76' lang='lat' dir='ltr'>’Ayppespeedeeoe</span> 
     </span>
     <span class='ocr_line' id='line_1_31' title="bbox 126 4290 1249 4378; baseline 0.004 -22"><span class='ocrx_word' id='word_1_171' title='bbox 126 4299 291 4376; x_wconf 78' lang='lat' dir='ltr'>provulgata</span> <span class='ocrx_word' id='word_1_172' title='bbox 309 4290 580 4376; x_wconf 76' lang='grc' dir='ltr'><strong><em>Ἀγαμεμνόνειον.</em></strong></span> <span class='ocrx_word' id='word_1_173' title='bbox 602 4303 695 4358; x_wconf 87' lang='lat' dir='ltr'>mirum</span> <span class='ocrx_word' id='word_1_174' title='bbox 712 4319 782 4372; x_wconf 81' lang='lat' dir='ltr'>vero,</span> <span class='ocrx_word' id='word_1_175' title='bbox 803 4300 871 4378; x_wconf 88' lang='lat' dir='ltr'>qnod</span> <span class='ocrx_word' id='word_1_176' title='bbox 888 4304 933 4377; x_wconf 86' lang='lat' dir='ltr'>qui</span> <span class='ocrx_word' id='word_1_177' title='bbox 954 4299 1078 4358; x_wconf 82' lang='lat' dir='ltr'>didicerat</span> <span class='ocrx_word' id='word_1_178' title='bbox 1099 4302 1177 4359; x_wconf 81' lang='lat' dir='ltr'>iatine</span> <span class='ocrx_word' id='word_1_179' title='bbox 1198 4319 1249 4360; x_wconf 84' lang='lat' dir='ltr'>roe·</span> 
     </span>
     <span class='ocr_line' id='line_1_32' title="bbox 127 4379 1250 4463; baseline 0.004 -21"><span class='ocrx_word' id='word_1_180' title='bbox 127 4387 161 4442; x_wconf 79' lang='grc' dir='ltr'><strong><em>ιιι·</em></strong></span> <span class='ocrx_word' id='word_1_181' title='bbox 182 4386 297 4442; x_wconf 89' lang='lat' dir='ltr'>rationes</span> <span class='ocrx_word' id='word_1_182' title='bbox 318 4383 446 4444; x_wconf 86' lang='lat' dir='ltr'>Matthiae</span> <span class='ocrx_word' id='word_1_183' title='bbox 467 4403 568 4444; x_wconf 82' lang='lat' dir='ltr'>errasse</span> <span class='ocrx_word' id='word_1_184' title='bbox 590 4403 619 4442; x_wconf 88' lang='lat' dir='ltr'>se</span> <span class='ocrx_word' id='word_1_185' title='bbox 640 4389 759 4463; x_wconf 78' lang='lat' dir='ltr'>scripsit,</span> <span class='ocrx_word' id='word_1_186' title='bbox 785 4405 863 4462; x_wconf 81' lang='lat' dir='ltr'>quum</span> <span class='ocrx_word' id='word_1_187' title='bbox 890 4385 924 4444; x_wconf 86' lang='lat' dir='ltr'>ad</span> <span class='ocrx_word' id='word_1_188' title='bbox 945 4384 1044 4444; x_wconf 85' lang='lat' dir='ltr'>scholia</span> <span class='ocrx_word' id='word_1_189' title='bbox 1065 4383 1178 4457; x_wconf 76' lang='lat' dir='ltr'>syllabas</span> <span class='ocrx_word' id='word_1_190' title='bbox 1198 4379 1250 4446; x_wconf 84' lang='grc' dir='ltr'>νό-</span> 
     </span>
     <span class='ocr_line' id='line_1_33' title="bbox 127 4461 1249 4551; baseline 0.001 -22"><span class='ocrx_word' id='word_1_191' title='bbox 127 4489 192 4529; x_wconf 85' lang='grc' dir='ltr'><strong><em>νιον</em></strong></span> <span class='ocrx_word' id='word_1_192' title='bbox 211 4465 261 4528; x_wconf 73' lang='lat' dir='ltr'>tut</span> <span class='ocrx_word' id='word_1_193' title='bbox 275 4487 400 4548; x_wconf 86' lang='lat' dir='ltr'>paeonem</span> <span class='ocrx_word' id='word_1_194' title='bbox 416 4461 629 4551; x_wconf 80' lang='grc' dir='ltr'><strong><em>πενιόβραχνν</em></strong></span> <span class='ocrx_word' id='word_1_195' title='bbox 654 4471 742 4530; x_wconf 81' lang='lat' dir='ltr'>vocari</span> <span class='ocrx_word' id='word_1_196' title='bbox 763 4469 867 4530; x_wconf 69' lang='lat' dir='ltr'>horst.</span> <span class='ocrx_word' id='word_1_197' title='bbox 912 4463 980 4530; x_wconf 72' lang='lat' dir='ltr'>‘ent</span> <span class='ocrx_word' id='word_1_198' title='bbox 1001 4461 1098 4548; x_wconf 89' lang='grc' dir='ltr'><strong><em>δόμον</em></strong></span> <span class='ocrx_word' id='word_1_199' title='bbox 1124 4491 1169 4550; x_wconf 93' lang='lat' dir='ltr'>pro</span> <span class='ocrx_word' id='word_1_200' title='bbox 1196 4490 1249 4530; x_wconf 89' lang='lat' dir='ltr'>cre·</span> 
     </span>
     <span class='ocr_line' id='line_1_34' title="bbox 6 4557 272 4616; baseline -0.004 -2"><span class='ocrx_word' id='word_1_201' title='bbox 6 4559 7 4570; x_wconf 59' lang='lat'>¹</span> <span class='ocrx_word' id='word_1_202' title='bbox 127 4557 179 4616; x_wconf 87' lang='lat' dir='ltr'>tico</span> <span class='ocrx_word' id='word_1_203' title='bbox 200 4561 272 4614; x_wconf 86' lang='lat' dir='ltr'>eunt.</span> 
     </span>
    </p>
   </div>
   <div class='ocr_carea' id='block_1_14' title="bbox 0 0 1512 5128">
    <p class='ocr_par' dir='ltr' id='par_1_14' title="bbox 0 0 1512 5128">
     <span class='ocr_line' id='line_1_35' title="bbox 0 0 1512 5128; baseline 0 0"><span class='ocrx_word' id='word_1_204' title='bbox 0 0 1512 5128; x_wconf 95' lang='lat' dir='ltr'> </span> 
     </span>
    </p>
   </div>
  </div>
 </body>
</html>
