3022 5140
669 329 712 399 11

134 505 216 580 ε’·πεί
241 504 282 582 δὲ
304 506 373 602 τὴν
401 507 602 584 Λάκαιναν
620 507 816 610 Ἑρμιόνην
837 501 951 614 γαμεῖ

132 631 280 730 τούμὸν
305 631 482 733 παρώσας
506 630 684 729 δεσπότης
708 633 845 712 δοῦλον
871 638 983 734 λέχος,

133 762 265 840 κακοῖς
289 758 382 856 πρὸς
405 759 520 852 αὐτῆς
544 758 719 855 σχετλίοις
740 757 955 860 «ἐλαύνομαι.

132 882 233 986 λέγει
256 881 330 985 γὰρ
357 885 408 968 ὥς
432 913 493 960 νιν
518 881 732 984 φαρμάκοις
756 888 1023 985 κεκρυμμένοις

132 1007 272 1105 τίθημ’
297 1009 440 1084 ίίιιαιδα
462 1010 526 1084 καί
552 1008 655 1086 πόσει
679 1011 919 1110 μισουμένην,

133 1132 233 1227 αὐτὴ
259 1132 300 1209 δὲ
326 1133 444 1210 ναίειν
468 1134 571 1212 οἴκον
597 1135 682 1212 ἄντ’
706 1137 820 1234 αὐτῆς
845 1138 945 1214 θέλω

132 1257 258 1345 τόνδ’,
286 1259 497 1356 ἐκβαλοῦσα
522 1262 653 1360 λέκτρα
678 1262 846 1356 τάκείνης
868 1263 955 1363 βίᾳ·

123 1381 225 1485 ‘aych
249 1384 292 1458 τὸ
317 1391 466 1483 πρῶτον
490 1385 560 1482 οὐχ
585 1386 714 1462 ἕκούο’
741 1383 933 1496 ἐδεξάμην,

132 1516 210 1585 νῦν
237 1508 276 1584 δ’
302 1509 503 1586 ἐκλέλοιπα·
532 1510 627 1595 Ζεύς
651 1509 739 1587 τόδ’
766 1511 876 1608 ελδείη
901 1513 1028 1616 μέγας,

133 1633 188 1718 αῖς
216 1634 285 1729 ούχ
311 1636 447 1710 ἑκοῦσα
473 1634 568 1736 τῷδ’
598 1631 807 1730 ε’κοινύθην
832 1637 935 1733 λέχεί.

132 1759 220 1833 ἀλλ’
249 1760 294 1834 ού
317 1784 387 1860 σφε
412 1759 550 1854 πείθω,
574 1757 748 1856 βούλεται
773 1760 818 1836 δέ
838 1791 885 1858 με
910 1769 1071 1853 κτανεῖν,

132 1881 258 1984 πατήρ
282 1915 321 1960 τε
347 1885 512 1988 θυγατρὶ
534 1887 729 1970 Μενέλεως
755 1886 901 1988 συνδρᾷ
925 1889 1027 1966 τόδε.

131 2010 201 2086 καὶ
227 2018 298 2086 νῦν
323 2013 410 2086 κατ’
435 2015 558 2098 οἴκους
584 2013 672 2099 ἴστ’,
701 2010 774 2087 ἀπὸ
800 2013 979 2115 Σιιοίρτης
1001 2015 1129 2110 μολών

133 2138 195 2212 εἰτ’
225 2137 317 2212 αὐτὸ
343 2145 471 2215 τοῦτο·
503 2137 771 2236 δειματουμένη
797 2138 834 2214 δ’
864 2137 937 2240 ἐγώ

133 2260 269 2360 δόμων
295 2260 472 2364 πάροικον
499 2263 647 2346 Θέτιδος
672 2268 722 2344 ελς
748 2259 960 2364 ἀνάκτορον

133 2386 273 2465 θάσσω
294 2385 364 2465 τόδ
369 2391 379 2417 ²
406 2389 574 2474 ἐλθοῦσ,
599 2388 647 2481 ἥν
670 2415 717 2484 με
742 2385 891 2483 κωλύση
915 2391 1060 2465 θανεῖν.

133 2513 285 2610 Πηλεύς
309 2544 347 2590 τε
372 2512 445 2618 γάρ
470 2542 532 2590 νιν
556 2513 703 2615 ἔκγονοί
724 2542 763 2587 τε
789 2512 944 2607 Πηλέως

134 2641 331 2740 σέβουσιν,
362 2637 571 2740 ἕρμήνευμα
596 2637 768 2740 Νηρῇδος
792 2635 938 2742 γόμιον.

134 2767 175 2850 ὃς
203 2765 244 2841 δ’
269 2769 346 2841 ἴστι
370 2771 456 2850 παῖς
479 2796 543 2866 μοι
567 2767 700 2862 μόνος,
728 2763 953 2862 δτιεκιιέμπω
979 2763 1105 2868 λα’θρηι

134 2893 270 2976 ἄλλους
295 2895 331 2975 ἐς
357 2895 496 2980 οἴκους,
522 2891 574 2988 μὴ
600 2887 704 2988 θόνη
730 2889 959 2991 φοβουμένη.

134 3017 153 3090 ὁ
181 3015 256 3120 γὰρ
282 3014 470 3116 φυτεύσας
493 3015 612 3092 αὐτόν
637 3018 720 3092 οὔτ’
746 3017 828 3115 ἐμοὶ
853 3014 954 3116 πόροι

117 3150 433 3242 ,τεροςωφελῆσαη
459 3140 565 3216 παιδί
580 3143 628 3215 «τ’
652 3140 762 3217 οὐδέν
782 3133 874 3228 ἴστ’,
902 3139 1009 3216 οἴιιών

219 3463 270 3526 30.
315 3461 382 3522 Par.
407 3463 446 3522 Α.
472 3461 565 3520 IIavn.
589 3460 716 3519 Brunck.
740 3454 772 3522 τό
794 3453 931 3541 πρόσθεν.

217 3562 268 3625 41.
314 3560 383 3620 Par.
408 3563 443 3622 Β.
468 3562 547 3621 FIor.
571 3553 973 3639 Α.10.15.ἀεὸιεάερες.

162 3742 170 3766 ,
195 3661 280 3764 .⁴²2
316 3659 374 3721 Per
402 3677 545 3732 errorem,
579 3681 633 3719 non
665 3680 700 3719 ex
730 3659 788 3719 uIIo
818 3659 891 3718 libro
915 3657 1076 3717 Brunokius
1105 3653 1151 3715 οό.
1178 3651 1240 3716 κατ’

135 3766 399 3892 αυτοῖἴῖωἴαυε.
429 3827 524 3886 GueII.
545 3824 614 3886 AII.
642 3828 705 3886 rell.
729 3821 774 3888 ἴεν.
798 3825 884 3886 Lase.
910 3836 940 3884 ει
962 3825 1068 3886 caeteri
1089 3819 1172 3880 codd.
1196 3815 1242 3898 ἥν.

216 3929 268 3991 47.
314 3928 346 3986 In
364 3925 453 3984 Taur.
478 3924 514 3985 ad
536 3921 712 4005 όειειιτιέμιοι
730 3945 816 4005 supra
840 3926 974 4003 scriptum
994 3944 1037 4004 ηρ.
1051 3915 1242 3982 όιτεκιιλέιττιι.

217 4028 270 4092 50.
315 4027 350 4087 L.
375 4024 518 4085 Dindorfii
548 4028 729 4085 coniecturae
750 4024 834 4086 ιιαιδί
854 4020 880 4086 τ’
905 4018 957 4101 σόη
979 4013 1088 4090 οἴόςιό
1113 4017 1243 4096 opposuit

137 4123 212 4172 ιοελε
233 4109 382 4189 Pssugkius
403 4109 545 4190 Antiopae
567 4111 604 4166 fr.
628 4107 741 4166 XXIII.

249 4237 256 4248 ·
342 4204 416 4290 ἀνὴρ
437 4204 507 4292 γάρ,
530 4205 606 4281 ἴςτις
628 4194 660 4267 εὖ
681 4205 748 4283 βίον
768 4201 937 4282 κεκτημένος

343 4287 378 4354 τόι
398 4289 450 4371 μὲν
470 4287 532 4354 κατ’
557 4289 657 4361 οἴκους
678 4283 780 4366 εἰμελία
800 4284 902 4367 παρεὶς
922 4284 967 4367 ἐᾷ,

343 4381 478 4455 μολιιαῖσι
499 4370 527 4436 δ’
551 4369 672 4452 ἡσθείς,
692 4375 761 4432 τοῦτ
797 4365 844 4431 ἆελ
863 4363 1029 4449 θηρεύεται,

342 4454 432 4541 ἀργός
452 4455 504 4539 μὲν
525 4457 617 4528 οἴκοις
637 4453 686 4516 καὶ
706 4448 789 4518 πόλει
809 4447 965 4536 γενήσεται,

344 4543 455 4621 φίλοισι
477 4538 506 4603 δ’
531 4535 635 4612 οὐδείς.
