2994 5128
827 368 853 439 4

275 566 322 662 δη
349 566 390 641 δὲ
411 565 615 665 Ἠλέκτραν
641 564 869 660 συνοικίσαι,
899 563 1138 666 καθαρθέντι
1171 561 1213 639 δὲ
1237 571 1306 638 τοῦ
1332 559 1411 662 φό-

273 722 343 769 νου
362 695 518 794 ’Ἀργους
547 694 685 792 ἄρχειν.
1040 783 1048 808 x
1371 787 1373 790 Ι

371 818 423 893 Ἡ
441 817 512 916 μὲν
538 820 653 917 σκηνὴ
677 825 746 894 τοῦ
772 814 963 917 δράματος
987 815 1177 894 ὑπόκειται
1202 817 1244 892 ἐν
1259 813 1407 916 Ἄργει·

162 1023 167 1031 ,
275 946 295 1020 ὁ
321 945 363 1022 δέ
385 944 498 1044 χορὸς
523 945 744 1043 συνέστηκεν
769 947 810 1019 ἐκ
834 953 1026 1046 γυναικῶν
1038 942 1229 1046 Ἀργείων,
1254 941 1409 1039 ἡλικιω-

274 1071 392 1147 τίδων
408 1071 626 1169 Ἠλέκτρας,
660 1073 699 1145 αἳ
730 1070 793 1145 καὶ
825 1071 1096 1173 παραγίνονται
1125 1067 1218 1166 ὑπὲρ
1243 1076 1309 1164 τῆς
1333 1075 1408 1142 τοῦ

267 1196 445 1297 Ὀρέστου
471 1193 759 1294 πυνθανόμεναι
784 1206 993 1296 συμφορᾶς.
1019 1195 1225 1299 προλογίζει
1243 1193 1401 1270 δὲἨλέ-

274 1352 378 1422 κτρα.
425 1323 468 1397 τὸ
494 1320 535 1399 δὲ
561 1321 692 1424 δρᾶμα
716 1324 980 1421 κωμικωτέραν
1005 1325 1077 1419 ἔχει
1101 1323 1171 1420 τὴν
1194 1344 1404 1418 καταστρο-
1482 1299 1484 1344 ¹

274 1446 361 1549 (μήν.
420 1447 442 1544 ἦ
480 1447 521 1523 δὲ
565 1447 740 1547 διασκευὴ
778 1458 847 1525 τοῦ
888 1446 1080 1549 δρόματός
1120 1453 1196 1523 ἐστι
1235 1442 1401 1543 τοιαύτη.

274 1575 365 1675 πρὸς
395 1574 442 1648 τδι
474 1583 543 1651 τοῦ
567 1575 844 1678 Ἀγαμέμνονος
874 1575 1046 1674 βασίλεια
1077 1572 1267 1650 ὑπόκειται
1295 1574 1404 1673 Ὀρέ-

274 1726 361 1799 στης
386 1698 544 1800 κόμνων
568 1701 631 1778 καὶ
655 1700 821 1800 κείμενος
852 1701 925 1778 ὑπὸ
949 1701 1088 1798 μανίας
1119 1701 1178 1776 ἐπὶ
1202 1697 1401 1787 κλινιδίου,

273 1822 306 1926 ᾧ
340 1827 629 1928 προςκαθέζεται
661 1823 763 1928 πρὸς
783 1835 861 1912 τοῖς
895 1829 1006 1906 ποσὶν
1023 1817 1215 1928 Ἠλέκτρα.
1266 1826 1403 1903 διαπο-

273 1960 390 2055 ρεῖται
422 1953 463 2029 δὲ
495 1953 533 2028 τί
564 1954 700 2052 δήποτε
734 1955 781 2030 οὐ
814 1949 906 2055 πρὸς
938 1964 984 2051 τῇ
1017 1963 1158 2055 κεφαλῇ
1183 1952 1400 2044 καθέζεται·
1483 2035 1484 2040 1

273 2080 371 2156 οὕτω
397 2079 439 2155 δὲ
464 2066 608 2177 μᾶλλον
632 2077 750 2156 ἐδόκει
775 2079 843 2158 τὸν
867 2081 1033 2181 ἀδελφὸν
1057 2087 1237 2178 τημελεῖν,
1270 2087 1403 2176 πλησι-

273 2206 421 2306 αίτερον
447 2207 780 2308 προςκαθεζομένη.
833 2210 950 2284 έοικεν
983 2203 1053 2284 οὖν
1088 2206 1153 2282 διὰ
1184 2206 1252 2284 τὸν
1279 2207 1403 2305 χορὸν
1440 2302 1448 2313 ἱ

273 2332 294 2406 ό
318 2332 467 2430 ποιητὴς
492 2331 751 2409 διασκευάσαι·
779 2334 960 2438 διηγέρθη
995 2333 1069 2436 γὰρ
1095 2333 1145 2412 ἄν
1171 2333 1402 2431 όὈρέστης,

273 2460 357 2558 ἄρτι
382 2459 445 2535 καὶ
469 2457 578 2563 μόγις
602 2459 874 2561 καταδραθείς,
907 2460 1165 2561 πλησιαίτερον
1190 2461 1292 2559 αὐτῷ
1319 2468 1405 2536 τῶν

270 2586 367 2661 κατὰ
401 2586 470 2661 τὸν
499 2587 618 2684 χορὸν
649 2597 842 2690 γυναικῶν
883 2582 1181 2685 παρισταμένων.
1247 2589 1323 2660 ἔστι
1357 2586 1402 2663 δὲ

270 2710 477 2810 ὑπονοῆσαι
501 2722 612 2788 τοῦτο
638 2718 676 2798 ἐξ
701 2709 756 2790 τόν
781 2715 897 2814 φησὶν
915 2715 1095 2814 Ἠλέκτρα
1119 2721 1173 2811 τῷ
1195 2703 1313 2811 χορηϊ,
1341 2713 1403 2788 σί-

270 2867 334 2940 γα,
361 2837 467 2940 σίγα,
502 2839 634 2916 λεπτὸν
666 2845 770 2934 ἴχνος
801 2838 982 2938 ἀρβύλης·
1016 2839 1185 2916 πιθανὸν
1210 2836 1280 2915 οὖν
1304 2837 1403 2917 ταύ-

270 2961 340 3060 την
365 2964 460 3039 εἶναι
484 2962 553 3060 τὴν
577 2962 769 3065 πρόφασιν
799 2975 864 3063 τῆς
888 2963 1060 3064 τοιαύτης
1092 2966 1309 3049 διαθέσεως.
1354 2967 1401 3043 τὸ

268 3089 400 3189 δρᾶμα
431 3098 510 3170 τῶν
540 3091 599 3165 ἐπὶ
625 3101 760 3191 σκηνῆς
785 3089 1102 3190 εὐδοκιμούντων·
1133 3091 1322 3191 χείριστον
1356 3093 1401 3169 δὲ

269 3221 347 3302 τοῖς
369 3218 491 3316 ἤθεσι.
542 3219 638 3318 πλὴν
661 3211 939 3322 γὰρ’Πυλοίδου
964 3217 1099 3304 πάντες
1124 3228 1262 3321 φαῦλοι
1285 3215 1399 3298 ύσαν.

625 3469 1038 3598 ΑΛΛΩΣ

362 3704 449 3782 Ὅτε
474 3707 571 3782 κατὰ
595 3716 675 3785 τῶν
703 3707 845 3810 Τραίων
869 3712 892 3810 ἡ
912 3711 1038 3796 Ἑλλὰς
1062 3711 1256 3810 ὥρμησεν,
1283 3710 1399 3814 Ἀγα·

270 3830 425 3929 μίμνων
456 3836 661 3937 στρατηγὸς
691 3836 811 3936 ᾑρέθη
843 3839 983 3923 παντὸς
1018 3845 1087 3914 τοῦ
1132 3833 1286 3926 στόλου,
1329 3837 1397 3915 όίτε

269 3966 348 4033 τῶν
373 3960 496 4034 ἄλλων
520 3961 688 4058 προέχειν
712 3963 838 4041 δοκῶν
863 3966 978 4063 ἀρχῆς
1000 3994 1040 4038 τε
1053 3963 1203 4066 μεγέθει
1222 3962 1286 4039 καὶ
1301 3963 1397 4062 πλή-

269 4087 332 4160 θει
357 4093 472 4162 νεῶν·
499 4087 639 4163 ἑκατὸν·
656 4089 730 4191 γὰρ
750 4099 849 4180 Ιναῦς
880 4097 930 4176 είς
953 4090 1022 4188 τὴν
1045 4099 1114 4166 τοῦ
1141 4086 1275 4164 στόλου
1301 4111 1396 4164 συν-

268 4212 411 4288 τέλειαν
434 4212 599 4313 είςέφερε.
651 4216 714 4291 καὶ
746 4218 786 4302 ὃς
817 4213 1200 4320 μέλλωνδινόγεσθαι
1222 4217 1396 4292 καταλεί-

270 4366 328 4414 πει
352 4345 431 4416 τῶν
455 4343 549 4414 οἴκοι
573 4339 806 4444 πραγμάτων
830 4345 948 4420 αὐτοῦ
971 4341 1189 4440 ἐπιμελητὴν
1210 4340 1274 4418 καὶ
1298 4371 1395 4442 προ-

270 4459 409 4559 στότην
432 4469 633 4567 Αἴγισθον.
685 4470 762 4545 ἐπεὶ
793 4469 834 4545 δὲ
866 4469 980 4555 πολύς
1012 4467 1145 4568 ἠνύετο
1166 4464 1304 4568 χρόνος
1326 4469 1395 4544 καὶ

262 4586 508 4686 Ἀγαμέμνων
539 4594 651 4707 σιἰκέέ
687 4591 837 4693 ἐπανῄει
842 4651 857 4686 ,
901 4595 964 4672 οἶα
1005 4595 1048 4672 δέ
1085 4594 1201 4672 πολλὰ
1232 4593 1392 4696 γίνεται,
