<?xml version="1.0" encoding="UTF-8"?>
<!DOCTYPE html PUBLIC "-//W3C//DTD XHTML 1.0 Transitional//EN"
    "http://www.w3.org/TR/xhtml1/DTD/xhtml1-transitional.dtd">
<html xmlns="http://www.w3.org/1999/xhtml" xml:lang="en" lang="en">
 <head>
  <title>
</title>
<meta http-equiv="Content-Type" content="text/html;charset=utf-8" />
  <meta name='ocr-system' content='tesseract 3.04.00' />
  <meta name='ocr-capabilities' content='ocr_page ocr_carea ocr_par ocr_line ocrx_word'/>
</head>
<body>
  <div class='ocr_page' id='page_1' title='image "./euripidistragoe09eurigoog/euripidistragoe09eurigoog_0628.png"; bbox 0 0 2994 5128; ppageno 0'>
   <div class='ocr_carea' id='block_1_1' title="bbox 683 334 726 380">
    <p class='ocr_par' dir='ltr' id='par_1_1' title="bbox 683 334 726 380">
     <span class='ocr_line' id='line_1_1' title="bbox 683 334 726 380; baseline 0 0"><span class='ocrx_word' id='word_1_1' title='bbox 683 334 726 380; x_wconf 75' lang='lat' dir='ltr'><strong>xl</strong></span> 
     </span>
    </p>
   </div>
   <div class='ocr_carea' id='block_1_2' title="bbox 126 467 1266 1352">
    <p class='ocr_par' dir='ltr' id='par_1_2' title="bbox 126 467 1266 1352">
     <span class='ocr_line' id='line_1_2' title="bbox 139 467 1264 589; baseline -0.004 -19"><span class='ocrx_word' id='word_1_2' title='bbox 139 495 246 570; x_wconf 86' lang='lat' dir='ltr'><strong>morhi</strong></span> <span class='ocrx_word' id='word_1_3' title='bbox 272 494 304 568; x_wconf 84' lang='lat' dir='ltr'><strong>ri</strong></span> <span class='ocrx_word' id='word_1_4' title='bbox 330 467 470 586; x_wconf 60' lang='lat' dir='ltr'><strong>hamum</strong></span> <span class='ocrx_word' id='word_1_5' title='bbox 497 492 723 566; x_wconf 79' lang='lat' dir='ltr'><strong>somnolentus</strong></span> <span class='ocrx_word' id='word_1_6' title='bbox 741 492 783 576; x_wconf 71' lang='lat' dir='ltr'><strong>‚iu</strong></span> <span class='ocrx_word' id='word_1_7' title='bbox 809 493 897 566; x_wconf 88' lang='lat' dir='ltr'><strong>lecto</strong></span> <span class='ocrx_word' id='word_1_8' title='bbox 930 491 1055 586; x_wconf 82' lang='lat' dir='ltr'><strong>iaceas,</strong></span> <span class='ocrx_word' id='word_1_9' title='bbox 1082 491 1264 589; x_wconf 77' lang='lat' dir='ltr'><strong>squallidus</strong></span> 
     </span>
     <span class='ocr_line' id='line_1_3' title="bbox 140 617 1265 721; baseline -0.004 -24"><span class='ocrx_word' id='word_1_10' title='bbox 140 623 286 721; x_wconf 80' lang='lat' dir='ltr'><strong>cupillis,</strong></span> <span class='ocrx_word' id='word_1_11' title='bbox 312 647 352 696; x_wconf 92' lang='lat' dir='ltr'><strong>os</strong></span> <span class='ocrx_word' id='word_1_12' title='bbox 377 643 495 719; x_wconf 82' lang='lat' dir='ltr'><strong>spuma</strong></span> <span class='ocrx_word' id='word_1_13' title='bbox 519 627 707 716; x_wconf 82' lang='lat' dir='ltr'><strong>spurcatus,</strong></span> <span class='ocrx_word' id='word_1_14' title='bbox 741 618 960 694; x_wconf 76' lang='lat' dir='ltr'>miserabilem</span> <span class='ocrx_word' id='word_1_15' title='bbox 986 617 1118 716; x_wconf 82' lang='lat' dir='ltr'><strong>quidem</strong></span> <span class='ocrx_word' id='word_1_16' title='bbox 1143 618 1265 716; x_wconf 43' lang='lat' dir='ltr'><strong>sospes</strong></span> 
     </span>
     <span class='ocr_line' id='line_1_4' title="bbox 141 745 1264 843; baseline -0.005 -19"><span class='ocrx_word' id='word_1_17' title='bbox 141 757 249 843; x_wconf 73' lang='lat' dir='ltr'><strong>mum,</strong></span> <span class='ocrx_word' id='word_1_18' title='bbox 283 749 343 824; x_wconf 87' lang='lat' dir='ltr'><strong>sed</strong></span> <span class='ocrx_word' id='word_1_19' title='bbox 369 747 518 822; x_wconf 88' lang='lat' dir='ltr'><strong>eumdem</strong></span> <span class='ocrx_word' id='word_1_20' title='bbox 544 746 642 820; x_wconf 87' lang='lat' dir='ltr'><strong>etiem</strong></span> <span class='ocrx_word' id='word_1_21' title='bbox 675 745 808 820; x_wconf 82' lang='lat' dir='ltr'><strong>foedum</strong></span> <span class='ocrx_word' id='word_1_22' title='bbox 833 746 989 843; x_wconf 83' lang='lat' dir='ltr'><strong>praehet,</strong></span> <span class='ocrx_word' id='word_1_23' title='bbox 1024 746 1099 837; x_wconf 92' lang='lat' dir='ltr'><strong>uhi,</strong></span> <span class='ocrx_word' id='word_1_24' title='bbox 1133 753 1170 818; x_wconf 91' lang='lat' dir='ltr'><strong>ut</strong></span> <span class='ocrx_word' id='word_1_25' title='bbox 1196 746 1264 837; x_wconf 88' lang='lat' dir='ltr'><strong>hic,</strong></span> 
     </span>
     <span class='ocr_line' id='line_1_5' title="bbox 126 872 1265 971; baseline -0.005 -21"><span class='ocrx_word' id='word_1_26' title='bbox 126 879 233 950; x_wconf 72' lang='lat' dir='ltr'><strong>solus</strong></span> <span class='ocrx_word' id='word_1_27' title='bbox 258 877 289 948; x_wconf 91' lang='lat' dir='ltr'><strong>is</strong></span> <span class='ocrx_word' id='word_1_28' title='bbox 315 881 421 950; x_wconf 88' lang='lat' dir='ltr'><strong>status</strong></span> <span class='ocrx_word' id='word_1_29' title='bbox 447 873 520 971; x_wconf 87' lang='lat' dir='ltr'><strong>ipse</strong></span> <span class='ocrx_word' id='word_1_30' title='bbox 546 895 608 970; x_wconf 84' lang='lat' dir='ltr'><strong>per</strong></span> <span class='ocrx_word' id='word_1_31' title='bbox 633 895 690 964; x_wconf 92' lang='lat' dir='ltr'><strong>se,</strong></span> <span class='ocrx_word' id='word_1_32' title='bbox 725 897 791 948; x_wconf 81' lang='lat' dir='ltr'><strong>uon</strong></span> <span class='ocrx_word' id='word_1_33' title='bbox 823 880 861 946; x_wconf 93' lang='lat' dir='ltr'><strong>ut</strong></span> <span class='ocrx_word' id='word_1_34' title='bbox 882 895 990 970; x_wconf 83' lang='lat' dir='ltr'><strong>poena</strong></span> <span class='ocrx_word' id='word_1_35' title='bbox 1014 872 1108 969; x_wconf 85' lang='lat' dir='ltr'><strong>impii</strong></span> <span class='ocrx_word' id='word_1_36' title='bbox 1134 872 1265 947; x_wconf 86' lang='lat' dir='ltr'><strong>lucino-</strong></span> 
     </span>
     <span class='ocr_line' id='line_1_6' title="bbox 142 997 1265 1091; baseline -0.004 -16"><span class='ocrx_word' id='word_1_37' title='bbox 142 1005 190 1075; x_wconf 91' lang='lat' dir='ltr'><strong>ris</strong></span> <span class='ocrx_word' id='word_1_38' title='bbox 216 1002 373 1076; x_wconf 82' lang='lat' dir='ltr'><strong>diuinitus</strong></span> <span class='ocrx_word' id='word_1_39' title='bbox 397 999 563 1091; x_wconf 83' lang='lat' dir='ltr'><strong>immissa,</strong></span> <span class='ocrx_word' id='word_1_40' title='bbox 597 997 850 1074; x_wconf 75' lang='lat' dir='ltr'><strong>commutandae</strong></span> <span class='ocrx_word' id='word_1_41' title='bbox 885 999 1090 1072; x_wconf 80' lang='lat' dir='ltr'><strong>miserationi</strong></span> <span class='ocrx_word' id='word_1_42' title='bbox 1127 999 1265 1070; x_wconf 86' lang='lat' dir='ltr'><strong>adhihe-</strong></span> 
     </span>
     <span class='ocr_line' id='line_1_7' title="bbox 143 1125 1265 1224; baseline -0.005 -22"><span class='ocrx_word' id='word_1_43' title='bbox 143 1137 210 1202; x_wconf 87' lang='lat' dir='ltr'><strong>tur.</strong></span> <span class='ocrx_word' id='word_1_44' title='bbox 262 1126 309 1201; x_wconf 85' lang='lat' dir='ltr'><strong>Ei</strong></span> <span class='ocrx_word' id='word_1_45' title='bbox 334 1126 457 1202; x_wconf 91' lang='lat' dir='ltr'><strong>homiui</strong></span> <span class='ocrx_word' id='word_1_46' title='bbox 483 1126 633 1201; x_wconf 83' lang='lat' dir='ltr'><strong>assiduus</strong></span> <span class='ocrx_word' id='word_1_47' title='bbox 659 1151 769 1218; x_wconf 90' lang='lat' dir='ltr'><strong>soror,</strong></span> <span class='ocrx_word' id='word_1_48' title='bbox 796 1133 1032 1224; x_wconf 85' lang='lat' dir='ltr'><strong>aegrotumque</strong></span> <span class='ocrx_word' id='word_1_49' title='bbox 1055 1125 1153 1198; x_wconf 91' lang='lat' dir='ltr'><strong>modo</strong></span> <span class='ocrx_word' id='word_1_50' title='bbox 1179 1125 1265 1221; x_wconf 81' lang='lat' dir='ltr'><strong>erigi</strong></span> 
     </span>
     <span class='ocr_line' id='line_1_8' title="bbox 143 1254 1266 1352; baseline -0.003 -25"><span class='ocrx_word' id='word_1_51' title='bbox 143 1255 240 1328; x_wconf 91' lang='lat' dir='ltr'><strong>modo</strong></span> <span class='ocrx_word' id='word_1_52' title='bbox 265 1255 421 1330; x_wconf 82' lang='lat' dir='ltr'><strong>reclinari</strong></span> <span class='ocrx_word' id='word_1_53' title='bbox 436 1255 620 1352; x_wconf 83' lang='lat' dir='ltr'><strong>cupientem</strong></span> <span class='ocrx_word' id='word_1_54' title='bbox 635 1254 751 1328; x_wconf 86' lang='lat' dir='ltr'><strong>sedulo</strong></span> <span class='ocrx_word' id='word_1_55' title='bbox 766 1276 900 1344; x_wconf 81' lang='lat' dir='ltr'><strong>curans,</strong></span> <span class='ocrx_word' id='word_1_56' title='bbox 926 1254 1150 1348; x_wconf 80' lang='lat' dir='ltr'><strong>spectaculum</strong></span> <span class='ocrx_word' id='word_1_57' title='bbox 1165 1275 1266 1348; x_wconf 83' lang='lat' dir='ltr'><strong>prue-</strong></span> 
     </span>
    </p>
   </div>
   <div class='ocr_carea' id='block_1_3' title="bbox 1 1379 1265 1480">
    <p class='ocr_par' dir='ltr' id='par_1_3' title="bbox 1 1379 1265 1480">
     <span class='ocr_line' id='line_1_9' title="bbox 1 1379 1265 1480; baseline -0.003 -27"><span class='ocrx_word' id='word_1_58' title='bbox 1 1467 2 1472; x_wconf 64' lang='lat'><strong>,</strong></span> <span class='ocrx_word' id='word_1_59' title='bbox 142 1382 215 1476; x_wconf 90' lang='lat' dir='ltr'><strong>bet,</strong></span> <span class='ocrx_word' id='word_1_60' title='bbox 249 1383 345 1480; x_wconf 85' lang='lat' dir='ltr'><strong>quale</strong></span> <span class='ocrx_word' id='word_1_61' title='bbox 370 1382 404 1454; x_wconf 89' lang='lat' dir='ltr'><strong>iu</strong></span> <span class='ocrx_word' id='word_1_62' title='bbox 432 1381 547 1477; x_wconf 85' lang='lat' dir='ltr'><strong>quevis</strong></span> <span class='ocrx_word' id='word_1_63' title='bbox 573 1379 670 1453; x_wconf 91' lang='lat' dir='ltr'><strong>domo</strong></span> <span class='ocrx_word' id='word_1_64' title='bbox 698 1379 808 1452; x_wconf 86' lang='lat' dir='ltr'><strong>videre</strong></span> <span class='ocrx_word' id='word_1_65' title='bbox 833 1380 934 1470; x_wconf 87' lang='lat' dir='ltr'><strong>licet,</strong></span> <span class='ocrx_word' id='word_1_66' title='bbox 976 1380 1163 1452; x_wconf 76' lang='lat' dir='ltr'><strong>miserabile</strong></span> <span class='ocrx_word' id='word_1_67' title='bbox 1190 1379 1265 1475; x_wconf 90' lang='lat' dir='ltr'><strong>qui-</strong></span> 
     </span>
    </p>
   </div>
   <div class='ocr_carea' id='block_1_4' title="bbox 141 1503 1265 1729">
    <p class='ocr_par' dir='ltr' id='par_1_4' title="bbox 141 1503 1265 1729">
     <span class='ocr_line' id='line_1_10' title="bbox 141 1503 1265 1600; baseline -0.003 -18"><span class='ocrx_word' id='word_1_68' title='bbox 141 1509 236 1600; x_wconf 89' lang='lat' dir='ltr'><strong>dem,</strong></span> <span class='ocrx_word' id='word_1_69' title='bbox 279 1508 338 1582; x_wconf 85' lang='lat' dir='ltr'><strong>sed</strong></span> <span class='ocrx_word' id='word_1_70' title='bbox 374 1508 458 1580; x_wconf 84' lang='lat' dir='ltr'><strong>nihil</strong></span> <span class='ocrx_word' id='word_1_71' title='bbox 491 1506 613 1578; x_wconf 86' lang='lat' dir='ltr'><strong>habeus</strong></span> <span class='ocrx_word' id='word_1_72' title='bbox 648 1503 735 1600; x_wconf 86' lang='lat' dir='ltr'><strong>quod</strong></span> <span class='ocrx_word' id='word_1_73' title='bbox 762 1506 904 1576; x_wconf 87' lang='lat' dir='ltr'><strong>animum</strong></span> <span class='ocrx_word' id='word_1_74' title='bbox 931 1505 1041 1600; x_wconf 87' lang='lat' dir='ltr'><strong>aliquo</strong></span> <span class='ocrx_word' id='word_1_75' title='bbox 1068 1528 1204 1600; x_wconf 79' lang='lat' dir='ltr'><strong>maguae</strong></span> <span class='ocrx_word' id='word_1_76' title='bbox 1230 1512 1265 1579; x_wconf 92' lang='lat' dir='ltr'><strong>et</strong></span> 
     </span>
     <span class='ocr_line' id='line_1_11' title="bbox 141 1629 1265 1729; baseline -0.003 -24"><span class='ocrx_word' id='word_1_77' title='bbox 141 1635 254 1729; x_wconf 78' lang='lat' dir='ltr'><strong>grauis</strong></span> <span class='ocrx_word' id='word_1_78' title='bbox 279 1634 330 1706; x_wconf 88' lang='lat' dir='ltr'><strong>rei</strong></span> <span class='ocrx_word' id='word_1_79' title='bbox 356 1630 559 1726; x_wconf 80' lang='lat' dir='ltr'><strong>cogitatione</strong></span> <span class='ocrx_word' id='word_1_80' title='bbox 585 1629 705 1725; x_wconf 83' lang='lat' dir='ltr'><strong>erigut.</strong></span> <span class='ocrx_word' id='word_1_81' title='bbox 757 1629 825 1702; x_wconf 86' lang='lat' dir='ltr'><strong>Hie</strong></span> <span class='ocrx_word' id='word_1_82' title='bbox 851 1653 929 1702; x_wconf 83' lang='lat' dir='ltr'><strong>uero</strong></span> <span class='ocrx_word' id='word_1_83' title='bbox 955 1630 1004 1702; x_wconf 91' lang='lat' dir='ltr'><strong>ita</strong></span> <span class='ocrx_word' id='word_1_84' title='bbox 1030 1631 1143 1702; x_wconf 87' lang='lat' dir='ltr'><strong>morbo</strong></span> <span class='ocrx_word' id='word_1_85' title='bbox 1171 1629 1265 1702; x_wconf 91' lang='lat' dir='ltr'><strong>dehi-</strong></span> 
     </span>
    </p>
   </div>
   <div class='ocr_carea' id='block_1_5' title="bbox 1 1721 1266 1853">
    <p class='ocr_par' dir='ltr' id='par_1_5' title="bbox 1 1721 1266 1853">
     <span class='ocr_line' id='line_1_12' title="bbox 1 1721 1266 1853; baseline -0.003 -21"><span class='ocrx_word' id='word_1_86' title='bbox 1 1721 5 1785; x_wconf 20' lang='lat'><em>2</em></span> <span class='ocrx_word' id='word_1_87' title='bbox 76 1807 78 1812; x_wconf 94' lang='lat'>-</span> <span class='ocrx_word' id='word_1_88' title='bbox 141 1759 258 1834; x_wconf 84' lang='lat' dir='ltr'><strong>litatus</strong></span> <span class='ocrx_word' id='word_1_89' title='bbox 284 1765 319 1830; x_wconf 93' lang='lat' dir='ltr'><strong>et</strong></span> <span class='ocrx_word' id='word_1_90' title='bbox 344 1755 515 1830; x_wconf 85' lang='lat' dir='ltr'><strong>conlectus</strong></span> <span class='ocrx_word' id='word_1_91' title='bbox 542 1753 696 1847; x_wconf 76' lang='lat' dir='ltr'><strong>Orestes,</strong></span> <span class='ocrx_word' id='word_1_92' title='bbox 727 1756 783 1851; x_wconf 83' lang='lat' dir='ltr'><strong>qui</strong></span> <span class='ocrx_word' id='word_1_93' title='bbox 808 1756 921 1852; x_wconf 83' lang='lat' dir='ltr'><strong>paullo</strong></span> <span class='ocrx_word' id='word_1_94' title='bbox 947 1763 1025 1853; x_wconf 81' lang='lat' dir='ltr'><strong>post</strong></span> <span class='ocrx_word' id='word_1_95' title='bbox 1053 1756 1109 1826; x_wconf 80' lang='lat' dir='ltr'><strong>rix</strong></span> <span class='ocrx_word' id='word_1_96' title='bbox 1141 1779 1177 1826; x_wconf 89' lang='lat' dir='ltr'><strong>se</strong></span> <span class='ocrx_word' id='word_1_97' title='bbox 1202 1779 1266 1852; x_wconf 85' lang='lat' dir='ltr'><strong>pe-</strong></span> 
     </span>
    </p>
   </div>
   <div class='ocr_carea' id='block_1_6' title="bbox 139 1880 1266 2868">
    <p class='ocr_par' dir='ltr' id='par_1_6' title="bbox 139 1880 1266 2868">
     <span class='ocr_line' id='line_1_13' title="bbox 143 1880 1266 1980; baseline -0.002 -24"><span class='ocrx_word' id='word_1_98' title='bbox 143 1884 238 1957; x_wconf 89' lang='lat' dir='ltr'><strong>dihus</strong></span> <span class='ocrx_word' id='word_1_99' title='bbox 265 1883 430 1955; x_wconf 86' lang='lat' dir='ltr'><strong>sustinens</strong></span> <span class='ocrx_word' id='word_1_100' title='bbox 456 1881 602 1979; x_wconf 81' lang='lat' dir='ltr'><strong>Pyludae</strong></span> <span class='ocrx_word' id='word_1_101' title='bbox 629 1882 756 1954; x_wconf 81' lang='lat' dir='ltr'><strong>inuisus</strong></span> <span class='ocrx_word' id='word_1_102' title='bbox 783 1906 883 1980; x_wconf 81' lang='lat' dir='ltr'><strong>aegre</strong></span> <span class='ocrx_word' id='word_1_103' title='bbox 912 1881 953 1954; x_wconf 88' lang='lat' dir='ltr'><strong>ad</strong></span> <span class='ocrx_word' id='word_1_104' title='bbox 987 1880 1114 1954; x_wconf 91' lang='lat' dir='ltr'><strong>iudices</strong></span> <span class='ocrx_word' id='word_1_105' title='bbox 1146 1905 1266 1978; x_wconf 85' lang='lat' dir='ltr'><strong>prore-</strong></span> 
     </span>
     <span class='ocr_line' id='line_1_14' title="bbox 140 2008 1266 2109; baseline -0.003 -27"><span class='ocrx_word' id='word_1_106' title='bbox 140 2012 213 2109; x_wconf 74' lang='lat' dir='ltr'><strong>pit,</strong></span> <span class='ocrx_word' id='word_1_107' title='bbox 246 2011 282 2084; x_wconf 88' lang='lat' dir='ltr'><strong>iu</strong></span> <span class='ocrx_word' id='word_1_108' title='bbox 308 2017 456 2084; x_wconf 79' lang='lat' dir='ltr'><strong>extrema</strong></span> <span class='ocrx_word' id='word_1_109' title='bbox 482 2008 593 2082; x_wconf 85' lang='lat' dir='ltr'><strong>fuhule</strong></span> <span class='ocrx_word' id='word_1_110' title='bbox 618 2009 666 2082; x_wconf 86' lang='lat' dir='ltr'><strong>ite</strong></span> <span class='ocrx_word' id='word_1_111' title='bbox 700 2010 887 2102; x_wconf 77' lang='lat' dir='ltr'><strong>consuluit,</strong></span> <span class='ocrx_word' id='word_1_112' title='bbox 920 2018 958 2081; x_wconf 93' lang='lat' dir='ltr'><strong>ut</strong></span> <span class='ocrx_word' id='word_1_113' title='bbox 983 2008 1146 2080; x_wconf 84' lang='lat' dir='ltr'><strong>Helenum</strong></span> <span class='ocrx_word' id='word_1_114' title='bbox 1174 2008 1266 2080; x_wconf 84' lang='lat' dir='ltr'><strong>ocri-</strong></span> 
     </span>
     <span class='ocr_line' id='line_1_15' title="bbox 139 2134 1266 2234; baseline -0.002 -24"><span class='ocrx_word' id='word_1_115' title='bbox 139 2137 211 2230; x_wconf 87' lang='lat' dir='ltr'><strong>dat,</strong></span> <span class='ocrx_word' id='word_1_116' title='bbox 239 2136 329 2210; x_wconf 86' lang='lat' dir='ltr'><strong>lorus</strong></span> <span class='ocrx_word' id='word_1_117' title='bbox 355 2144 505 2234; x_wconf 85' lang='lat' dir='ltr'><strong>erumpat</strong></span> <span class='ocrx_word' id='word_1_118' title='bbox 529 2135 695 2233; x_wconf 77' lang='lat' dir='ltr'><strong>Phrygem</strong></span> <span class='ocrx_word' id='word_1_119' title='bbox 721 2157 944 2234; x_wconf 82' lang='lat' dir='ltr'><strong>persequens,</strong></span> <span class='ocrx_word' id='word_1_120' title='bbox 985 2134 1026 2208; x_wconf 90' lang='lat' dir='ltr'><strong>de</strong></span> <span class='ocrx_word' id='word_1_121' title='bbox 1052 2159 1178 2210; x_wconf 86' lang='lat' dir='ltr'><strong>summu</strong></span> <span class='ocrx_word' id='word_1_122' title='bbox 1203 2134 1266 2208; x_wconf 87' lang='lat' dir='ltr'><strong>do·</strong></span> 
     </span>
     <span class='ocr_line' id='line_1_16' title="bbox 141 2261 1187 2362; baseline -0.004 -24"><span class='ocrx_word' id='word_1_123' title='bbox 141 2289 196 2338; x_wconf 93' lang='lat' dir='ltr'><strong>mo</strong></span> <span class='ocrx_word' id='word_1_124' title='bbox 222 2263 430 2362; x_wconf 80' lang='lat' dir='ltr'><strong>suggruudas</strong></span> <span class='ocrx_word' id='word_1_125' title='bbox 456 2288 493 2336; x_wconf 91' lang='lat' dir='ltr'><strong>se</strong></span> <span class='ocrx_word' id='word_1_126' title='bbox 519 2262 723 2336; x_wconf 85' lang='lat' dir='ltr'><strong>deiecturum</strong></span> <span class='ocrx_word' id='word_1_127' title='bbox 749 2287 823 2336; x_wconf 88' lang='lat' dir='ltr'><strong>esse</strong></span> <span class='ocrx_word' id='word_1_128' title='bbox 848 2262 1006 2334; x_wconf 86' lang='lat' dir='ltr'><strong>Menelao</strong></span> <span class='ocrx_word' id='word_1_129' title='bbox 1033 2261 1187 2336; x_wconf 89' lang='lat' dir='ltr'><strong>miretur.</strong></span> 
     </span>
     <span class='ocr_line' id='line_1_17' title="bbox 241 2387 1265 2487; baseline 0 -25"><span class='ocrx_word' id='word_1_130' title='bbox 241 2390 389 2487; x_wconf 80' lang='lat' dir='ltr'><strong>Pylades</strong></span> <span class='ocrx_word' id='word_1_131' title='bbox 410 2389 583 2464; x_wconf 86' lang='lat' dir='ltr'><strong>adventum</strong></span> <span class='ocrx_word' id='word_1_132' title='bbox 609 2396 686 2486; x_wconf 87' lang='lat' dir='ltr'><strong>post</strong></span> <span class='ocrx_word' id='word_1_133' title='bbox 710 2387 844 2463; x_wconf 81' lang='lat' dir='ltr'><strong>Orestis</strong></span> <span class='ocrx_word' id='word_1_134' title='bbox 870 2412 944 2462; x_wconf 88' lang='lat' dir='ltr'><strong>oum</strong></span> <span class='ocrx_word' id='word_1_135' title='bbox 968 2387 1129 2462; x_wconf 84' lang='lat' dir='ltr'><strong>Menelao</strong></span> <span class='ocrx_word' id='word_1_136' title='bbox 1156 2389 1265 2462; x_wconf 89' lang='lat' dir='ltr'><strong>collo·</strong></span> 
     </span>
     <span class='ocr_line' id='line_1_18' title="bbox 142 2515 1264 2614; baseline 0 -24"><span class='ocrx_word' id='word_1_137' title='bbox 142 2516 254 2614; x_wconf 86' lang='lat' dir='ltr'><strong>quium</strong></span> <span class='ocrx_word' id='word_1_138' title='bbox 279 2517 363 2590; x_wconf 78' lang='lat' dir='ltr'><strong>mihil</strong></span> <span class='ocrx_word' id='word_1_139' title='bbox 388 2516 429 2589; x_wconf 86' lang='lat' dir='ltr'><strong>ad</strong></span> <span class='ocrx_word' id='word_1_140' title='bbox 454 2541 524 2590; x_wconf 81' lang='lat' dir='ltr'><strong>reru</strong></span> <span class='ocrx_word' id='word_1_141' title='bbox 551 2515 716 2608; x_wconf 84' lang='lat' dir='ltr'><strong>couierre,</strong></span> <span class='ocrx_word' id='word_1_142' title='bbox 754 2539 860 2611; x_wconf 88' lang='lat' dir='ltr'><strong>eoque</strong></span> <span class='ocrx_word' id='word_1_143' title='bbox 885 2522 990 2588; x_wconf 88' lang='lat' dir='ltr'><strong>totam</strong></span> <span class='ocrx_word' id='word_1_144' title='bbox 1012 2516 1106 2588; x_wconf 88' lang='lat' dir='ltr'><strong>illum</strong></span> <span class='ocrx_word' id='word_1_145' title='bbox 1131 2539 1264 2590; x_wconf 82' lang='lat' dir='ltr'><strong>scenam</strong></span> 
     </span>
     <span class='ocr_line' id='line_1_19' title="bbox 140 2641 1265 2741; baseline 0.002 -27"><span class='ocrx_word' id='word_1_146' title='bbox 140 2643 290 2718; x_wconf 85' lang='lat' dir='ltr'><strong>inutilem</strong></span> <span class='ocrx_word' id='word_1_147' title='bbox 317 2667 404 2735; x_wconf 88' lang='lat' dir='ltr'><strong>esse,</strong></span> <span class='ocrx_word' id='word_1_148' title='bbox 432 2643 680 2741; x_wconf 77' lang='lat' dir='ltr'><strong>supradictum</strong></span> <span class='ocrx_word' id='word_1_149' title='bbox 707 2651 772 2715; x_wconf 88' lang='lat' dir='ltr'><strong>est.</strong></span> <span class='ocrx_word' id='word_1_150' title='bbox 823 2641 1005 2714; x_wconf 83' lang='lat' dir='ltr'><strong>Praeterea</strong></span> <span class='ocrx_word' id='word_1_151' title='bbox 1032 2665 1108 2714; x_wconf 85' lang='lat' dir='ltr'><strong>vero</strong></span> <span class='ocrx_word' id='word_1_152' title='bbox 1134 2642 1169 2715; x_wconf 88' lang='lat' dir='ltr'><strong>in</strong></span> <span class='ocrx_word' id='word_1_153' title='bbox 1190 2644 1265 2740; x_wconf 86' lang='lat' dir='ltr'><strong>ipsu</strong></span> 
     </span>
     <span class='ocr_line' id='line_1_20' title="bbox 141 2768 1265 2868; baseline -0.003 -25"><span class='ocrx_word' id='word_1_154' title='bbox 141 2770 207 2844; x_wconf 88' lang='lat' dir='ltr'><strong>istu</strong></span> <span class='ocrx_word' id='word_1_155' title='bbox 230 2769 378 2868; x_wconf 77' lang='lat' dir='ltr'><strong>Pyledae</strong></span> <span class='ocrx_word' id='word_1_156' title='bbox 403 2769 648 2846; x_wconf 77' lang='lat' dir='ltr'><strong>introductione</strong></span> <span class='ocrx_word' id='word_1_157' title='bbox 675 2769 775 2842; x_wconf 85' lang='lat' dir='ltr'><strong>exilis</strong></span> <span class='ocrx_word' id='word_1_158' title='bbox 801 2769 862 2842; x_wconf 87' lang='lat' dir='ltr'><strong>illa</strong></span> <span class='ocrx_word' id='word_1_159' title='bbox 888 2768 1062 2865; x_wconf 81' lang='lat' dir='ltr'><strong>diligentia</strong></span> <span class='ocrx_word' id='word_1_160' title='bbox 1095 2769 1265 2865; x_wconf 82' lang='lat' dir='ltr'><strong>conspici-</strong></span> 
     </span>
    </p>
   </div>
   <div class='ocr_carea' id='block_1_7' title="bbox 30 2895 1406 3119">
    <p class='ocr_par' dir='ltr' id='par_1_7' title="bbox 30 2895 1406 3119">
     <span class='ocr_line' id='line_1_21' title="bbox 30 2895 1264 2996; baseline 0.003 -32"><span class='ocrx_word' id='word_1_161' title='bbox 30 2958 33 2964; x_wconf 90' lang='lat'>.</span> <span class='ocrx_word' id='word_1_162' title='bbox 142 2906 210 2989; x_wconf 88' lang='lat' dir='ltr'><strong>tur,</strong></span> <span class='ocrx_word' id='word_1_163' title='bbox 238 2921 303 2996; x_wconf 87' lang='lat' dir='ltr'><strong>qua</strong></span> <span class='ocrx_word' id='word_1_164' title='bbox 322 2896 504 2996; x_wconf 80' lang='lat' dir='ltr'><strong>Euripides</strong></span> <span class='ocrx_word' id='word_1_165' title='bbox 530 2899 652 2990; x_wconf 85' lang='lat' dir='ltr'><strong>emnia,</strong></span> <span class='ocrx_word' id='word_1_166' title='bbox 679 2898 779 2970; x_wconf 85' lang='lat' dir='ltr'><strong>etiam</strong></span> <span class='ocrx_word' id='word_1_167' title='bbox 805 2919 889 2993; x_wconf 76' lang='lat' dir='ltr'><strong>quae</strong></span> <span class='ocrx_word' id='word_1_168' title='bbox 915 2895 1023 2968; x_wconf 87' lang='lat' dir='ltr'><strong>omitti</strong></span> <span class='ocrx_word' id='word_1_169' title='bbox 1048 2895 1153 2970; x_wconf 87' lang='lat' dir='ltr'><strong>satius</strong></span> <span class='ocrx_word' id='word_1_170' title='bbox 1179 2903 1264 2988; x_wconf 85' lang='lat' dir='ltr'><strong>eret,</strong></span> 
     </span>
     <span class='ocr_line' id='line_1_22' title="bbox 142 3020 1406 3119; baseline 0 -26"><span class='ocrx_word' id='word_1_171' title='bbox 142 3024 312 3119; x_wconf 83' lang='lat' dir='ltr'><strong>explicare</strong></span> <span class='ocrx_word' id='word_1_172' title='bbox 339 3024 524 3095; x_wconf 84' lang='lat' dir='ltr'><strong>consuevit.</strong></span> <span class='ocrx_word' id='word_1_173' title='bbox 577 3022 831 3096; x_wconf 83' lang='lat' dir='ltr'><strong>Coucedeudum</strong></span> <span class='ocrx_word' id='word_1_174' title='bbox 858 3031 930 3114; x_wconf 88' lang='lat' dir='ltr'><strong>est,</strong></span> <span class='ocrx_word' id='word_1_175' title='bbox 964 3020 1112 3117; x_wconf 80' lang='lat' dir='ltr'><strong>Pyladea</strong></span> <span class='ocrx_word' id='word_1_176' title='bbox 1145 3045 1274 3119; x_wconf 78' lang='lat' dir='ltr'><strong>perso·¹</strong></span> <span class='ocrx_word' id='word_1_177' title='bbox 1400 3027 1406 3036; x_wconf 76' lang='grc'><strong>“</strong></span> 
     </span>
    </p>
   </div>
   <div class='ocr_carea' id='block_1_8' title="bbox 141 3146 1264 3243">
    <p class='ocr_par' dir='ltr' id='par_1_8' title="bbox 141 3146 1264 3243">
     <span class='ocr_line' id='line_1_23' title="bbox 141 3146 1264 3243; baseline 0.003 -25"><span class='ocrx_word' id='word_1_178' title='bbox 141 3171 237 3239; x_wconf 90' lang='lat' dir='ltr'><strong>uam,</strong></span> <span class='ocrx_word' id='word_1_179' title='bbox 269 3169 354 3243; x_wconf 82' lang='lat' dir='ltr'><strong>quae</strong></span> <span class='ocrx_word' id='word_1_180' title='bbox 386 3147 656 3222; x_wconf 82' lang='lat' dir='ltr'><strong>coniunctissima</strong></span> <span class='ocrx_word' id='word_1_181' title='bbox 688 3171 761 3220; x_wconf 83' lang='lat' dir='ltr'><strong>curu</strong></span> <span class='ocrx_word' id='word_1_182' title='bbox 795 3147 919 3220; x_wconf 87' lang='lat' dir='ltr'><strong>Oreste</strong></span> <span class='ocrx_word' id='word_1_183' title='bbox 953 3149 1090 3243; x_wconf 86' lang='lat' dir='ltr'><strong>eiusque</strong></span> <span class='ocrx_word' id='word_1_184' title='bbox 1116 3146 1264 3221; x_wconf 84' lang='lat' dir='ltr'><strong>fuciuore</strong></span> 
     </span>
    </p>
   </div>
   <div class='ocr_carea' id='block_1_9' title="bbox 142 3273 1400 3382">
    <p class='ocr_par' dir='ltr' id='par_1_9' title="bbox 142 3273 1400 3382">
     <span class='ocr_line' id='line_1_24' title="bbox 142 3273 1400 3382; baseline 0.002 -36"><span class='ocrx_word' id='word_1_185' title='bbox 142 3283 212 3365; x_wconf 89' lang='lat' dir='ltr'><strong>est,</strong></span> <span class='ocrx_word' id='word_1_186' title='bbox 245 3274 303 3346; x_wconf 81' lang='lat' dir='ltr'><strong>vix</strong></span> <span class='ocrx_word' id='word_1_187' title='bbox 329 3273 445 3346; x_wconf 83' lang='lat' dir='ltr'><strong>abesse</strong></span> <span class='ocrx_word' id='word_1_188' title='bbox 471 3274 633 3371; x_wconf 76' lang='lat' dir='ltr'><strong>potuisse.</strong></span> <span class='ocrx_word' id='word_1_189' title='bbox 686 3273 774 3366; x_wconf 78' lang='lat' dir='ltr'><strong>Quid</strong></span> <span class='ocrx_word' id='word_1_190' title='bbox 801 3298 879 3346; x_wconf 87' lang='lat' dir='ltr'><strong>vero</strong></span> <span class='ocrx_word' id='word_1_191' title='bbox 906 3297 990 3370; x_wconf 84' lang='lat' dir='ltr'><strong>opus</strong></span> <span class='ocrx_word' id='word_1_192' title='bbox 1016 3280 1110 3365; x_wconf 89' lang='lat' dir='ltr'><strong>erat,</strong></span> <span class='ocrx_word' id='word_1_193' title='bbox 1143 3273 1265 3348; x_wconf 85' lang='lat' dir='ltr'><strong>utillo</strong></span> <span class='ocrx_word' id='word_1_194' title='bbox 1397 3377 1400 3382; x_wconf 21' lang='grc' dir='ltr'>Ι</span> 
     </span>
    </p>
   </div>
   <div class='ocr_carea' id='block_1_10' title="bbox 117 3399 1327 3746">
    <p class='ocr_par' dir='ltr' id='par_1_10' title="bbox 117 3399 1327 3746">
     <span class='ocr_line' id='line_1_25' title="bbox 117 3399 1264 3505; baseline 0.003 -35"><span class='ocrx_word' id='word_1_195' title='bbox 117 3400 244 3505; x_wconf 51' lang='grc' dir='ltr'><strong>ΙΔῃὼ</strong></span> <span class='ocrx_word' id='word_1_196' title='bbox 269 3401 303 3474; x_wconf 91' lang='lat' dir='ltr'><strong>iu</strong></span> <span class='ocrx_word' id='word_1_197' title='bbox 330 3399 512 3476; x_wconf 80' lang='lat' dir='ltr'><strong>Phocidem</strong></span> <span class='ocrx_word' id='word_1_198' title='bbox 546 3401 724 3497; x_wconf 81' lang='lat' dir='ltr'><strong>migraret,</strong></span> <span class='ocrx_word' id='word_1_199' title='bbox 763 3399 841 3472; x_wconf 92' lang='lat' dir='ltr'><strong>iude</strong></span> <span class='ocrx_word' id='word_1_200' title='bbox 876 3407 984 3473; x_wconf 86' lang='lat' dir='ltr'><strong>autem</strong></span> <span class='ocrx_word' id='word_1_201' title='bbox 1017 3401 1118 3472; x_wconf 88' lang='lat' dir='ltr'><strong>exsul</strong></span> <span class='ocrx_word' id='word_1_202' title='bbox 1151 3399 1264 3497; x_wconf 81' lang='lat' dir='ltr'><strong>Argos</strong></span> 
     </span>
     <span class='ocr_line' id='line_1_26' title="bbox 141 3527 1302 3624; baseline 0.002 -26"><span class='ocrx_word' id='word_1_203' title='bbox 141 3535 319 3623; x_wconf 74' lang='lat' dir='ltr'><strong>repeteret,</strong></span> <span class='ocrx_word' id='word_1_204' title='bbox 347 3552 430 3624; x_wconf 84' lang='lat' dir='ltr'><strong>quae</strong></span> <span class='ocrx_word' id='word_1_205' title='bbox 456 3529 529 3602; x_wconf 86' lang='lat' dir='ltr'><strong>sine</strong></span> <span class='ocrx_word' id='word_1_206' title='bbox 555 3535 673 3600; x_wconf 75' lang='lat' dir='ltr'><strong>caussa</strong></span> <span class='ocrx_word' id='word_1_207' title='bbox 698 3527 832 3600; x_wconf 86' lang='lat' dir='ltr'><strong>iuventa</strong></span> <span class='ocrx_word' id='word_1_208' title='bbox 864 3551 906 3600; x_wconf 89' lang='lat' dir='ltr'><strong>ue</strong></span> <span class='ocrx_word' id='word_1_209' title='bbox 933 3527 1020 3600; x_wconf 87' lang='lat' dir='ltr'><strong>omui</strong></span> <span class='ocrx_word' id='word_1_210' title='bbox 1047 3527 1118 3600; x_wconf 81' lang='lat' dir='ltr'><strong>reri</strong></span> <span class='ocrx_word' id='word_1_211' title='bbox 1143 3527 1265 3602; x_wconf 88' lang='lat' dir='ltr'><strong>simili·</strong></span> <span class='ocrx_word' id='word_1_212' title='bbox 1300 3597 1302 3600; x_wconf 83' lang='lat'>.</span> 
     </span>
     <span class='ocr_line' id='line_1_27' title="bbox 141 3652 1327 3746; baseline -0.001 -21"><span class='ocrx_word' id='word_1_213' title='bbox 141 3652 254 3725; x_wconf 90' lang='lat' dir='ltr'><strong>tudine</strong></span> <span class='ocrx_word' id='word_1_214' title='bbox 291 3652 571 3746; x_wconf 79' lang='lat' dir='ltr'><strong>destituerentur,</strong></span> <span class='ocrx_word' id='word_1_215' title='bbox 609 3654 687 3728; x_wconf 86' lang='lat' dir='ltr'><strong>aliis</strong></span> <span class='ocrx_word' id='word_1_216' title='bbox 725 3654 898 3726; x_wconf 81' lang='lat' dir='ltr'><strong>inutilibus</strong></span> <span class='ocrx_word' id='word_1_217' title='bbox 933 3652 1094 3726; x_wconf 86' lang='lat' dir='ltr'><strong>machinis</strong></span> <span class='ocrx_word' id='word_1_218' title='bbox 1131 3661 1262 3725; x_wconf 84' lang='lat' dir='ltr'><strong>cautum</strong></span> <span class='ocrx_word' id='word_1_219' title='bbox 1324 3728 1327 3732; x_wconf 70' lang='grc'><strong>,</strong></span> 
     </span>
    </p>
   </div>
   <div class='ocr_carea' id='block_1_11' title="bbox 1 3778 1398 3883">
    <p class='ocr_par' dir='ltr' id='par_1_11' title="bbox 1 3778 1398 3883">
     <span class='ocr_line' id='line_1_28' title="bbox 1 3778 1398 3883; baseline -0.016 -16"><span class='ocrx_word' id='word_1_220' title='bbox 1 3861 2 3883; x_wconf 59' lang='grc'>,</span> <span class='ocrx_word' id='word_1_221' title='bbox 142 3787 206 3852; x_wconf 74' lang='lat' dir='ltr'><strong>est·</strong></span> <span class='ocrx_word' id='word_1_222' title='bbox 257 3778 343 3856; x_wconf 83' lang='lat' dir='ltr'><strong>Num</strong></span> <span class='ocrx_word' id='word_1_223' title='bbox 368 3788 466 3856; x_wconf 75' lang='lat' dir='ltr'><strong>sexto</strong></span> <span class='ocrx_word' id='word_1_224' title='bbox 491 3790 568 3878; x_wconf 79' lang='lat' dir='ltr'><strong>pest</strong></span> <span class='ocrx_word' id='word_1_225' title='bbox 594 3780 729 3854; x_wconf 87' lang='lat' dir='ltr'><strong>caedem</strong></span> <span class='ocrx_word' id='word_1_226' title='bbox 755 3779 1037 3875; x_wconf 77' lang='lat' dir='ltr'><strong>Clytaemnestram</strong></span> <span class='ocrx_word' id='word_1_227' title='bbox 1059 3779 1112 3853; x_wconf 90' lang='lat' dir='ltr'><strong>die</strong></span> <span class='ocrx_word' id='word_1_228' title='bbox 1133 3803 1188 3854; x_wconf 89' lang='lat' dir='ltr'><strong>ros</strong></span> <span class='ocrx_word' id='word_1_229' title='bbox 1207 3781 1264 3876; x_wconf 81' lang='lat' dir='ltr'><strong>agi</strong></span> <span class='ocrx_word' id='word_1_230' title='bbox 1392 3817 1398 3829; x_wconf 38' lang='lat' dir='ltr'>x</span> 
     </span>
    </p>
   </div>
   <div class='ocr_carea' id='block_1_12' title="bbox 1 3893 1262 4003">
    <p class='ocr_par' dir='ltr' id='par_1_12' title="bbox 1 3893 1262 4003">
     <span class='ocr_line' id='line_1_29' title="bbox 1 3893 1262 4003; baseline 0.003 -27"><span class='ocrx_word' id='word_1_231' title='bbox 1 3893 3 3986; x_wconf 64' lang='grc' dir='ltr'>Ϊ</span> <span class='ocrx_word' id='word_1_232' title='bbox 142 3905 290 4001; x_wconf 81' lang='lat' dir='ltr'><strong>fingitur,</strong></span> <span class='ocrx_word' id='word_1_233' title='bbox 316 3914 355 3979; x_wconf 93' lang='lat' dir='ltr'><strong>ut</strong></span> <span class='ocrx_word' id='word_1_234' title='bbox 379 3931 413 3978; x_wconf 82' lang='lat' dir='ltr'><strong>v.</strong></span> <span class='ocrx_word' id='word_1_235' title='bbox 440 3908 502 3984; x_wconf 80' lang='grc'><strong>39.</strong></span> <span class='ocrx_word' id='word_1_236' title='bbox 531 3915 566 3980; x_wconf 87' lang='lat' dir='ltr'><strong>et</strong></span> <span class='ocrx_word' id='word_1_237' title='bbox 588 3908 680 3980; x_wconf 79' lang='lat'>411.</span> <span class='ocrx_word' id='word_1_238' title='bbox 707 3904 896 3986; x_wconf 87' lang='lat' dir='ltr'><strong>ostendunt.</strong></span> <span class='ocrx_word' id='word_1_239' title='bbox 948 3906 1124 4003; x_wconf 85' lang='lat' dir='ltr'><strong>Perticeps</strong></span> <span class='ocrx_word' id='word_1_240' title='bbox 1151 3905 1262 3980; x_wconf 88' lang='lat' dir='ltr'><strong>caedis</strong></span> 
     </span>
    </p>
   </div>
   <div class='ocr_carea' id='block_1_13' title="bbox 139 4028 1263 4402">
    <p class='ocr_par' dir='ltr' id='par_1_13' title="bbox 139 4028 1263 4402">
     <span class='ocr_line' id='line_1_30' title="bbox 139 4028 1263 4106; baseline 0 -2"><span class='ocrx_word' id='word_1_241' title='bbox 139 4032 306 4106; x_wconf 84' lang='lat' dir='ltr'><strong>lahantem</strong></span> <span class='ocrx_word' id='word_1_242' title='bbox 340 4033 376 4106; x_wconf 89' lang='lat' dir='ltr'><strong>iu</strong></span> <span class='ocrx_word' id='word_1_243' title='bbox 410 4031 526 4105; x_wconf 83' lang='lat' dir='ltr'><strong>iuuere</strong></span> <span class='ocrx_word' id='word_1_244' title='bbox 563 4031 679 4106; x_wconf 87' lang='lat' dir='ltr'><strong>matris</strong></span> <span class='ocrx_word' id='word_1_245' title='bbox 715 4028 872 4104; x_wconf 87' lang='lat' dir='ltr'><strong>Orestem</strong></span> <span class='ocrx_word' id='word_1_246' title='bbox 908 4032 1106 4104; x_wconf 81' lang='lat' dir='ltr'><strong>sustinuisse</strong></span> <span class='ocrx_word' id='word_1_247' title='bbox 1141 4033 1263 4106; x_wconf 88' lang='lat' dir='ltr'><strong>dicitur</strong></span> 
     </span>
     <span class='ocr_line' id='line_1_31' title="bbox 141 4156 1263 4254; baseline -0.001 -25"><span class='ocrx_word' id='word_1_248' title='bbox 141 4183 173 4230; x_wconf 86' lang='lat' dir='ltr'><strong>r.</strong></span> <span class='ocrx_word' id='word_1_249' title='bbox 200 4159 288 4235; x_wconf 78' lang='lat'>395.</span> <span class='ocrx_word' id='word_1_250' title='bbox 339 4157 431 4232; x_wconf 86' lang='lat' dir='ltr'><strong>Illud</strong></span> <span class='ocrx_word' id='word_1_251' title='bbox 456 4158 561 4254; x_wconf 72' lang='lat' dir='ltr'><strong>igitur</strong></span> <span class='ocrx_word' id='word_1_252' title='bbox 586 4181 646 4230; x_wconf 82' lang='lat' dir='ltr'><strong>sex</strong></span> <span class='ocrx_word' id='word_1_253' title='bbox 673 4156 799 4228; x_wconf 83' lang='lat' dir='ltr'><strong>dierum</strong></span> <span class='ocrx_word' id='word_1_254' title='bbox 821 4157 963 4253; x_wconf 84' lang='lat' dir='ltr'><strong>spatium</strong></span> <span class='ocrx_word' id='word_1_255' title='bbox 979 4180 1019 4228; x_wconf 91' lang='lat' dir='ltr'><strong>ea</strong></span> <span class='ocrx_word' id='word_1_256' title='bbox 1037 4180 1156 4229; x_wconf 87' lang='lat' dir='ltr'><strong>caussa</strong></span> <span class='ocrx_word' id='word_1_257' title='bbox 1171 4183 1263 4228; x_wconf 87' lang='lat' dir='ltr'><strong>sum·</strong></span> 
     </span>
     <span class='ocr_line' id='line_1_32' title="bbox 140 4283 1261 4402; baseline -0.005 -42"><span class='ocrx_word' id='word_1_258' title='bbox 140 4294 232 4382; x_wconf 78' lang='lat' dir='ltr'><strong>ptum</strong></span> <span class='ocrx_word' id='word_1_259' title='bbox 259 4294 330 4377; x_wconf 89' lang='lat' dir='ltr'><strong>est,</strong></span> <span class='ocrx_word' id='word_1_260' title='bbox 358 4293 394 4358; x_wconf 87' lang='lat' dir='ltr'><strong>ut</strong></span> <span class='ocrx_word' id='word_1_261' title='bbox 419 4283 562 4382; x_wconf 79' lang='lat' dir='ltr'><strong>Pylades</strong></span> <span class='ocrx_word' id='word_1_262' title='bbox 589 4284 670 4358; x_wconf 88' lang='lat' dir='ltr'><strong>satis</strong></span> <span class='ocrx_word' id='word_1_263' title='bbox 696 4283 856 4390; x_wconf 77' lang='lat' dir='ltr'><strong>terurporis</strong></span> <span class='ocrx_word' id='word_1_264' title='bbox 880 4283 1038 4402; x_wconf 79' lang='lat' dir='ltr'><strong>haberet,</strong></span> <span class='ocrx_word' id='word_1_265' title='bbox 1068 4295 1133 4380; x_wconf 82' lang='lat' dir='ltr'><strong>qu‘o</strong></span> <span class='ocrx_word' id='word_1_266' title='bbox 1158 4283 1261 4381; x_wconf 80' lang='lat' dir='ltr'><strong>Argis</strong></span> 
     </span>
    </p>
   </div>
   <div class='ocr_carea' id='block_1_14' title="bbox 1 4409 1260 4507">
    <p class='ocr_par' dir='ltr' id='par_1_14' title="bbox 1 4409 1260 4507">
     <span class='ocr_line' id='line_1_33' title="bbox 1 4409 1260 4507; baseline -0.002 -21"><span class='ocrx_word' id='word_1_267' title='bbox 1 4479 2 4486; x_wconf 75' lang='grc'>,</span> <span class='ocrx_word' id='word_1_268' title='bbox 142 4413 177 4484; x_wconf 85' lang='lat' dir='ltr'><strong>iu</strong></span> <span class='ocrx_word' id='word_1_269' title='bbox 202 4411 385 4486; x_wconf 81' lang='lat' dir='ltr'><strong>Phocidem</strong></span> <span class='ocrx_word' id='word_1_270' title='bbox 410 4412 501 4486; x_wconf 88' lang='lat' dir='ltr'><strong>abire</strong></span> <span class='ocrx_word' id='word_1_271' title='bbox 533 4419 568 4483; x_wconf 89' lang='lat' dir='ltr'><strong>et</strong></span> <span class='ocrx_word' id='word_1_272' title='bbox 594 4435 637 4486; x_wconf 82' lang='lat' dir='ltr'><strong>ex</strong></span> <span class='ocrx_word' id='word_1_273' title='bbox 662 4410 813 4484; x_wconf 89' lang='lat' dir='ltr'><strong>Phocide</strong></span> <span class='ocrx_word' id='word_1_274' title='bbox 838 4409 951 4507; x_wconf 81' lang='lat' dir='ltr'><strong>Argos</strong></span> <span class='ocrx_word' id='word_1_275' title='bbox 983 4417 1151 4484; x_wconf 83' lang='lat' dir='ltr'><strong>revertere</strong></span> <span class='ocrx_word' id='word_1_276' title='bbox 1183 4435 1260 4507; x_wconf 64' lang='lat' dir='ltr'><strong>poss</strong></span> 
     </span>
    </p>
   </div>
   <div class='ocr_carea' id='block_1_15' title="bbox 138 4536 1262 4638">
    <p class='ocr_par' dir='ltr' id='par_1_15' title="bbox 138 4536 1262 4638">
     <span class='ocr_line' id='line_1_34' title="bbox 138 4536 1262 4638; baseline -0.002 -28"><span class='ocrx_word' id='word_1_277' title='bbox 138 4545 203 4612; x_wconf 82' lang='lat' dir='ltr'><strong>set.</strong></span> <span class='ocrx_word' id='word_1_278' title='bbox 255 4537 303 4613; x_wconf 80' lang='lat' dir='ltr'><strong>At</strong></span> <span class='ocrx_word' id='word_1_279' title='bbox 328 4539 358 4612; x_wconf 90' lang='lat' dir='ltr'><strong>si</strong></span> <span class='ocrx_word' id='word_1_280' title='bbox 385 4547 454 4614; x_wconf 90' lang='lat' dir='ltr'><strong>tota</strong></span> <span class='ocrx_word' id='word_1_281' title='bbox 479 4538 537 4612; x_wconf 88' lang='lat' dir='ltr'><strong>illa</strong></span> <span class='ocrx_word' id='word_1_282' title='bbox 564 4538 728 4638; x_wconf 76' lang='lat' dir='ltr'><strong>profectio</strong></span> <span class='ocrx_word' id='word_1_283' title='bbox 755 4536 881 4612; x_wconf 90' lang='lat' dir='ltr'><strong>inutilis</strong></span> <span class='ocrx_word' id='word_1_284' title='bbox 908 4544 978 4631; x_wconf 85' lang='lat' dir='ltr'><strong>ost,</strong></span> <span class='ocrx_word' id='word_1_285' title='bbox 1023 4561 1064 4612; x_wconf 90' lang='lat' dir='ltr'><strong>ue</strong></span> <span class='ocrx_word' id='word_1_286' title='bbox 1090 4536 1160 4610; x_wconf 86' lang='lat' dir='ltr'><strong>illis</strong></span> <span class='ocrx_word' id='word_1_287' title='bbox 1186 4538 1262 4636; x_wconf 85' lang='lat' dir='ltr'><strong>qui-</strong></span> 
     </span>
    </p>
   </div>
   <div class='ocr_carea' id='block_1_16' title="bbox 0 0 1502 5128">
    <p class='ocr_par' dir='ltr' id='par_1_16' title="bbox 0 0 1502 5128">
     <span class='ocr_line' id='line_1_35' title="bbox 0 0 1502 5128; baseline 0 0"><span class='ocrx_word' id='word_1_288' title='bbox 0 0 1502 5128; x_wconf 95' lang='lat' dir='ltr'><strong> </strong></span> 
     </span>
    </p>
   </div>
  </div>
 </body>
</html>
