2994 5128
636 327 689 403 59

94 524 274 629 δακρύοις
297 523 446 629 γέροντ’·
472 521 678 625 ὀφθαλμὸν
702 525 840 625 ἐκτήκω
864 525 988 616 τάλας.

96 659 139 735 ἓν
164 655 202 732 δ’
232 650 302 731 οὖν
325 649 466 755 λόγοισι
490 657 570 737 ’τοῖς
591 656 694 752 ἐμοῖς
722 653 937 754 ὄμοῤῥοθεῖ·

96 787 201 882 μισεῖ
222 780 271 857 σὺ
293 779 386 882 πρὸς
409 783 517 858 θεῶν
540 775 605 856 καὶ
626 780 737 867 τίνεις
759 783 899 884 μητρὸς
922 782 1041 875 δίκας,

94 909 250 1008 μανίαις
274 907 442 984 ἀλαίνων
464 906 531 982 καὶ
552 905 697 1008 φόβοις.
726 909 763 984 τί
786 908 993 1010 μαρτύρων
1225 916 1289 981 520

97 1038 224 1112 ἀλλων
247 1031 396 1110 ἀκούειν
420 1032 480 1109 δεῖ
501 1036 559 1129 μ’,
587 1034 612 1110 ἀ
635 1037 673 1140 y'
703 1042 848 1137 είςοράν
872 1032 994 1138 παίσας

98 1161 152 1246 ὥς
177 1156 246 1238 οάν
260 1158 319 1237 ἀν
344 1160 455 1259 εἰδῇς,
481 1162 687 1254 Μενέλαος,
712 1169 833 1240 τοῖσιν
857 1167 962 1249 θεοῖς

96 1288 151 1385 μὴ
175 1287 312 1388 πράσδ
340 1289 497 1379 ἐναντί’,
522 1290 678 1388 ἀφελεῖν
700 1298 837 1368 τοῦτον
861 1291 1004 1370 θέλων·

96 1415 141 1489 dc
166 1413 204 1490 δ’
232 1413 297 1491 ἀπ’
327 1416 455 1491 ἀστῶν
477 1405 809 1516 καταφονευθῆναι
833 1418 986 1519 πέτροις.

184 1699 257 1763 517.
279 1705 331 1762 Pro
352 1695 447 1775 τάλας
469 1703 509 1763 Μ.
529 1705 563 1764 R.
585 1695 667 1784 γόοις
688 1723 721 1762 ex
742 1705 866 1763 Hecubae
888 1725 912 1763 v.
934 1702 1007 1764 434.

184 1783 257 1848 518.
277 1789 353 1847 Libri
370 1780 405 1847 ‘dn
425 1774 487 1848 οάν.
530 1789 619 1848 Sensit
646 1788 802 1848 Sobaeferus
822 1790 975 1866 particulam
996 1788 1151 1862 desiderari,
1172 1793 1219 1851 sed

97 1895 151 1934 non
171 1881 240 1931 recte
261 1876 370 1933 coniecit
392 1869 422 1932 ἓν
441 1867 475 1953 p’
498 1862 562 1934 οάν.
602 1875 769 1952 Requiriunus
793 1873 837 1933 hic
858 1867 890 1936 δ’
914 1861 977 1935 nde.

184 1954 255 2018 519.
284 1958 372 2038 Vulgo
399 1963 475 2041 μισῇ
502 1978 544 2038 γε.
594 1959 729 2018 Pomanus
754 1964 839 2035 μισεῖ
861 1980 903 2019 τε.
938 1958 1005 2018 5εά
1031 1977 1109 2039 quum
1135 1963 1222 2038 μισεῖ

97 2038 177 2124 πρὸς
196 2043 279 2104 θεῶν
300 2051 325 2102 et
345 2039 434 2116 τίνεις
452 2039 571 2123 μητρός
591 2041 678 2116 δίκας
712 2049 796 2124 magis
827 2047 913 2104 verbis
945 2063 1022 2121 qoam
1054 2063 1082 2102 rc
1114 2043 1218 2104 diversa

97 2133 160 2199 sint,
181 2129 262 2186 multo
283 2133 368 2205 potior
389 2137 429 2186 est
449 2134 576 2206 scriptura
596 2150 673 2207 quam
694 2129 731 2188 N.
753 2132 857 2206 praebet
875 2133 962 2205 μισεῖ
977 2121 1029 2189 cd.

183 2209 255 2271 523.
277 2211 339 2272 mi.
362 2221 387 2270 et
406 2214 522 2291 plerique
543 2214 617 2272 codd.
645 2235 676 2272 ac
696 2212 851 2272 scholiastes
871 2214 1005 2291 Apollonii
1032 2213 1065 2272 ad
1085 2215 1121 2271 ll.
1145 2209 1217 2272 253.

95 2290 461 2444 οοοιιαλ
486 2291 620 2460 σοι.
640 2294 1029 2443 enecantes
1051 2319 1075 2357 2·
1191 2297 1218 2359 ⁶·

169 2464 254 2526 524.
274 2467 362 2525 Libri:
384 2461 420 2527 ’ἔα
442 2461 472 2526 δ’
494 2457 549 2526 ἀπ’
574 2462 676 2529 ἀστῶν
695 2403 966 2549 κοάἀαφονεοθῆνοι
986 2459 1117 2548 πέτροις,
1137 2459 1219 2544 ἢμὴ

94 2545 228 2628 'nidosve
249 2543 475 2634 Σπαρτιάτιδος
492 2547 618 2632 χθονός.
662 2552 735 2616 linos
756 2571 849 2612 versus
869 2552 1035 2622 Brocchus,
1067 2553 1128 2628 pria
1148 2553 1219 2610 infra

97 2653 123 2696 e.
145 2635 217 2696 612.
240 2635 312 2697 61³.
334 2633 447 2709 redeant,
469 2647 499 2697 nt
518 2638 591 2696 illinc
612 2646 754 2710 retractos,
774 2642 864 2709 eiecit,
885 2639 1020 2697 Porsenna
1041 2646 1128 2694 autem
1149 2644 1222 2696 ntro·

97 2741 148 2798 poe
167 2724 227 2781 loco
246 2727 375 2802 genuinos
394 2727 502 2800 putavit,
523 2727 575 2782 nisi
596 2725 675 2780 simul
696 2723 747 2782 duo
769 2727 813 2800 qui
834 2721 877 2780 hic
897 2720 1054 2800 praecedunt
1070 2721 1219 2782 deleamur:

97 2807 166 2883 quod
185 2809 231 2866 ille
252 2808 379 2884 quomodo
400 2807 485 2866 dicere
505 2813 625 2883 potnerit,
645 2810 731 2868 fateor
751 2825 793 2866 me
814 2827 866 2866 non
887 2808 1041 2886 intelligere.
1066 2804 1219 2881 Namquod

11 2883 12 2896 ¹
97 2891 237 2964 Tyndarus
257 2891 332 2964 dicit,
365 2885 408 2964 ἀς
427 2880 482 2953 ode
502 2887 544 2952 ἀν
561 2892 658 2975 εἰδῇς,
691 2913 769 2972 qnam
799 2895 887 2970 aperte
913 2891 1043 2972 significet
1072 2893 1168 2966 ελαοαι
1188 2901 1219 2948 ut

11 2987 12 2994 ’
96 2979 169 3036 scine
190 2981 259 3053 quid
279 2995 328 3054 epo
348 2983 474 3048 sentiam,
495 2983 561 3037 satis
582 2997 613 3036 ea
634 2985 763 3038 sententia
783 2979 956 3038 declarabitur
974 2977 1031 3035 his:
1052 2979 1118 3045 τοῖς
1133 2975 1222 3045 θεοῖς

96 3055 140 3136 μὴ
168 3055 285 3139 πράσο’
317 3058 448 3121 trenta.
490 3063 650 3120 Brnnclrinm
684 3063 786 3139 quidem
819 3072 914 3122 temere
942 3061 1074 3120 indicasse
1104 3058 1221 3118 ostendit

11 3163 12 3170 ¹
97 3159 190 3201 versus
206 3140 277 3202 551.
299 3139 353 3224 ἐφ’
378 3135 425 3214 οἷς
445 3139 477 3204 δ’
502 3139 632 3215 ἀπειλεῖς
652 3137 695 3216 ὡς
714 3141 914 3223 πετρωθῆναί
929 3165 972 3222 με·
989 3141 1043 3205 δεῖ.
1086 3143 1163 3207 Quod
1184 3161 1218 3202 Μ

11 3235 12 3240 ’
97 3229 232 3286 Porsonns
253 3227 370 3304 quidem,
396 3247 446 3285 nec
466 3234 549 3306 magis
570 3229 726 3286 Schaeierus
746 3230 850 3286 videtne·
869 3228 1095 3296 animadvertisse,
1122 3231 1164 3302 qul
1187 3243 1217 3284 ee

97 3313 173 3390 plane
194 3315 317 3369 assentiri
336 3312 456 3371 Persono
476 3313 526 3371 hoc
546 3323 698 3392 argumento
717 3315 855 3390 professas
875 3321 930 3383 est,
962 3311 1031 3388 qnod
1058 3329 1140 3370 senex
1159 3310 1218 3370 Me·
1263 3313 1264 3317 ’

98 3397 201 3454 nelanm
221 3413 274 3454 non
300 3401 412 3472 potnerit
432 3401 551 3474 graviore
578 3403 779 3456 comminatione
802 3413 906 3468 terrere,
938 3415 1014 3476 marn
1040 3395 1216 3476 interdicendo

98 3481 325 3557 tenenspedum,
358 3483 383 3538 si
412 3480 522 3540 Oresten
549 3480 695 3540 adiuvaret:
725 3501 811 3564 qnam·
830 3486 1053 3541 comminationem
1083 3485 1217 3558 aptissima

99 3581 251 3643 summaque
271 3565 304 3622 ad
323 3566 523 3647 permovendum
543 3569 570 3623 ri
590 3567 683 3625 iisdem
704 3571 790 3626 verbis
812 3571 947 3646 geminari.
989 3567 1052 3624 Hoc
1080 3585 1142 3624 vero
1170 3567 1216 3622 ille

98 3650 221 3708 indicavit
240 3651 445 3726 perversissime.
488 3651 557 3710 Nam
580 3658 640 3730 qnia
659 3657 714 3711 ista
732 3657 890 3730 gravissima
911 3660 952 3710 est
973 3653 1145 3719 comminatio,
1172 3649 1216 3706 sd·

98 3733 178 3792 hiberi
200 3733 288 3792 debuit
309 3751 339 3792 eo
359 3735 431 3804 loco,
462 3751 512 3811 pro
533 3755 576 3794 res
597 3742 624 3796 in
646 3749 774 3794 summum
796 3737 935 3794 discrimen
957 3735 1068 3792 adducta
1088 3741 1143 3801 est,
1162 3749 1217 3790 non

98 3820 150 3888 illo,
171 3821 214 3877 nli
236 3819 374 3878 Menelaus
396 3824 474 3877 etiam
497 3825 553 3878 sine
574 3821 620 3877 illa
641 3824 840 3877 comminatione
859 3819 996 3876 videbator
1015 3819 1072 3874 sola
1093 3813 1217 3892 pondera·

100 3906 168 3960 tione
194 3906 312 3960 iustitiae
337 3909 365 3961 in
393 3908 549 3962 sententiam
575 3921 747 3960 concessurus
776 3919 835 3958 esse
862 3901 988 3972 Tyndari.
1032 3899 1091 3964 Quo
1112 3901 1171 3957 loco
1192 3903 1218 3956 si

98 4003 155 4042 enm
178 3983 317 4057 Tyndarus
338 3995 423 4044 terrae
444 3987 586 4062 Spartanae
606 3985 785 4043 interdictione
805 3993 897 4055 terret,
924 3987 1007 4055 inira,
1038 3987 1083 4042 ubi
1104 3987 1216 4042 maxime

99 4077 162 4144 opus
183 4073 233 4126 erit
255 4077 406 4148 argumento
427 4074 470 4127 cni
490 4071 535 4127 ille
555 4074 677 4127 resistere
697 4075 821 4147 nequeat,
854 4069 919 4126 nihil
949 4069 1054 4126 habebit
1074 4067 1142 4144 qnod
1163 4068 1219 4124 lor·

99 4156 151 4210 tins
172 4155 221 4210 sit:
248 4157 285 4211 ita
305 4161 349 4224 ut,
378 4159 403 4211 si
423 4161 522 4229 repetat
543 4172 608 4229 qnae
628 4158 680 4212 iam
702 4154 771 4212 dicta
792 4163 877 4224 erant,
903 4171 993 4229 parum
1016 4153 1110 4210 efficax
1132 4159 1157 4208 et
1178 4154 1216 4207 in·

98 4237 169 4294 utilia
194 4240 282 4314 potins
309 4243 386 4315 stopie
413 4241 501 4314 inepta
528 4240 564 4296 sit
588 4241 690 4296 iteratio
717 4243 859 4308 minarum,
891 4240 984 4316 quitus
1005 4242 1077 4314 prius
1098 4236 1144 4294 illo
1164 4253 1218 4292 non

99 4321 183 4378 finerat
202 4329 344 4396 permotus.
387 4321 464 4385 Quod
485 4327 509 4380 si
529 4322 573 4380 hic
593 4328 697 4399 ineptae
715 4329 777 4380 sunt
796 4327 865 4380 istae
874 4327 967 4392 minae,
988 4317 1154 4398 lapidationis
1172 4337 1218 4376 au·

99 4414 149 4463 tem
170 4409 267 4464 mentio
287 4423 340 4464 non
360 4413 447 4482 potest
466 4409 567 4477 abesse,
588 4413 703 4484 apertnnr
725 4415 766 4465 est
785 4411 953 4484 posteriorem
974 4405 1065 4464 hornm
1086 4421 1216 4474 omnnem,
1314 4467 1316 4474 Α

101 4487 166 4565 qnod
186 4492 256 4548 intro
277 4509 334 4548 cum
355 4494 442 4566 priore
463 4495 615 4550 coniunctus
644 4493 752 4569 legitur,
782 4491 826 4549 hic
856 4495 884 4549 in
915 4494 1032 4569 margine
1058 4485 1215 4566 adscriptam

102 4593 165 4644 esse,
186 4579 262 4651 atque
283 4577 321 4633 lta
341 4572 434 4635 deinde
455 4595 515 4635 esse
536 4579 618 4636 textui
638 4576 748 4636 illatum.
791 4577 883 4654 ltaque
905 4576 974 4635 nnnc
994 4574 1079 4632 solum
1100 4571 1209 4632 doleri.-
