<?xml version="1.0" encoding="UTF-8"?>
<!DOCTYPE html PUBLIC "-//W3C//DTD XHTML 1.0 Transitional//EN"
    "http://www.w3.org/TR/xhtml1/DTD/xhtml1-transitional.dtd">
<html xmlns="http://www.w3.org/1999/xhtml" xml:lang="en" lang="en">
 <head>
  <title>
</title>
<meta http-equiv="Content-Type" content="text/html;charset=utf-8" />
  <meta name='ocr-system' content='tesseract 3.04.00' />
  <meta name='ocr-capabilities' content='ocr_page ocr_carea ocr_par ocr_line ocrx_word'/>
</head>
<body>
  <div class='ocr_page' id='page_1' title='image "./euripidistragoe09eurigoog_0431.png"; bbox 0 0 3026 5134; ppageno 0'>
   <div class='ocr_carea' id='block_1_1' title="bbox 773 353 848 402">
    <p class='ocr_par' dir='ltr' id='par_1_1' title="bbox 773 353 848 402">
     <span class='ocr_line' id='line_1_1' title="bbox 773 353 848 402; baseline -0.027 -2"><span class='ocrx_word' id='word_1_1' title='bbox 773 353 848 402; x_wconf 75' lang='lat' dir='ltr'><strong>Vlll</strong></span> 
     </span>
    </p>
   </div>
   <div class='ocr_carea' id='block_1_2' title="bbox 254 497 1493 1006">
    <p class='ocr_par' dir='ltr' id='par_1_2' title="bbox 254 497 1493 1006">
     <span class='ocr_line' id='line_1_2' title="bbox 357 497 1493 628; baseline -0.001 -24"><span class='ocrx_word' id='word_1_2' title='bbox 357 530 468 604; x_wconf 87' lang='lat' dir='ltr'><strong>Venio</strong></span> <span class='ocrx_word' id='word_1_3' title='bbox 505 530 547 602; x_wconf 89' lang='lat' dir='ltr'><strong>ad</strong></span> <span class='ocrx_word' id='word_1_4' title='bbox 578 531 684 627; x_wconf 82' lang='lat' dir='ltr'>ipsam</span> <span class='ocrx_word' id='word_1_5' title='bbox 717 529 934 628; x_wconf 85' lang='lat' dir='ltr'><strong>tragoediam,</strong></span> <span class='ocrx_word' id='word_1_6' title='bbox 963 552 1059 626; x_wconf 80' lang='lat' dir='ltr'><strong>quam</strong></span> <span class='ocrx_word' id='word_1_7' title='bbox 1092 527 1195 626; x_wconf 79' lang='lat' dir='ltr'><strong>Hugo</strong></span> <span class='ocrx_word' id='word_1_8' title='bbox 1228 529 1373 604; x_wconf 78' lang='lat' dir='ltr'><strong>Grotius</strong></span> <span class='ocrx_word' id='word_1_9' title='bbox 1492 497 1493 522; x_wconf 25' lang='lat' dir='ltr'><strong>A</strong></span> 
     </span>
     <span class='ocr_line' id='line_1_3' title="bbox 257 639 1372 754; baseline 0.001 -26"><span class='ocrx_word' id='word_1_10' title='bbox 257 683 353 754; x_wconf 81' lang='lat' dir='ltr'><strong>qaum</strong></span> <span class='ocrx_word' id='word_1_11' title='bbox 369 639 513 749; x_wconf 87' lang='lat' dir='ltr'><strong>ederet,</strong></span> <span class='ocrx_word' id='word_1_12' title='bbox 547 640 655 730; x_wconf 77' lang='lat' dir='ltr'><strong>fassus</strong></span> <span class='ocrx_word' id='word_1_13' title='bbox 682 658 812 754; x_wconf 88' lang='lat' dir='ltr'><strong>quidem</strong></span> <span class='ocrx_word' id='word_1_14' title='bbox 838 656 872 728; x_wconf 91' lang='lat' dir='ltr'><strong>in</strong></span> <span class='ocrx_word' id='word_1_15' title='bbox 898 656 1155 753; x_wconf 52' lang='lat' dir='ltr'><strong>prolegomenis&gt;</strong></span> <span class='ocrx_word' id='word_1_16' title='bbox 1171 664 1224 729; x_wconf 84' lang='lat' dir='ltr'><strong>est</strong></span> <span class='ocrx_word' id='word_1_17' title='bbox 1249 646 1372 729; x_wconf 88' lang='lat' dir='ltr'><strong>habero</strong></span> 
     </span>
     <span class='ocr_line' id='line_1_4' title="bbox 255 780 1372 891; baseline 0 -35"><span class='ocrx_word' id='word_1_18' title='bbox 255 807 338 880; x_wconf 88' lang='lat' dir='ltr'><strong>quac</strong></span> <span class='ocrx_word' id='word_1_19' title='bbox 374 784 556 881; x_wconf 82' lang='lat' dir='ltr'><strong>vituperari</strong></span> <span class='ocrx_word' id='word_1_20' title='bbox 589 785 740 880; x_wconf 78' lang='lat' dir='ltr'><strong>possint,</strong></span> <span class='ocrx_word' id='word_1_21' title='bbox 775 780 835 856; x_wconf 89' lang='lat' dir='ltr'><strong>sed</strong></span> <span class='ocrx_word' id='word_1_22' title='bbox 867 782 1043 854; x_wconf 76' lang='lat' dir='ltr'><strong>defendere</strong></span> <span class='ocrx_word' id='word_1_23' title='bbox 1076 789 1185 856; x_wconf 89' lang='lat' dir='ltr'><strong>tamen</strong></span> <span class='ocrx_word' id='word_1_24' title='bbox 1199 784 1372 891; x_wconf 33' lang='lat' dir='ltr'><strong>&#39;pleraque</strong></span> 
     </span>
     <span class='ocr_line' id='line_1_5' title="bbox 254 907 1414 1006; baseline 0.003 -27"><span class='ocrx_word' id='word_1_25' title='bbox 254 911 307 982; x_wconf 88' lang='lat' dir='ltr'><strong>rel</strong></span> <span class='ocrx_word' id='word_1_26' title='bbox 340 934 501 984; x_wconf 80' lang='lat' dir='ltr'><strong>excusare</strong></span> <span class='ocrx_word' id='word_1_27' title='bbox 537 911 675 982; x_wconf 82' lang='lat' dir='ltr'><strong>studuit.</strong></span> <span class='ocrx_word' id='word_1_28' title='bbox 726 908 799 983; x_wconf 91' lang='lat' dir='ltr'><strong>Nee</strong></span> <span class='ocrx_word' id='word_1_29' title='bbox 823 909 974 1006; x_wconf 86' lang='lat' dir='ltr'><strong>proiecto</strong></span> <span class='ocrx_word' id='word_1_30' title='bbox 999 909 1035 980; x_wconf 95' lang='lat' dir='ltr'><strong>id</strong></span> <span class='ocrx_word' id='word_1_31' title='bbox 1062 907 1263 982; x_wconf 80' lang='lat' dir='ltr'><strong>mirandum:</strong></span> <span class='ocrx_word' id='word_1_32' title='bbox 1282 935 1373 982; x_wconf 76' lang='lat' dir='ltr'><strong>¹nam</strong></span> <span class='ocrx_word' id='word_1_33' title='bbox 1411 928 1414 938; x_wconf 85' lang='lat'><strong>·</strong></span> 
     </span>
    </p>
   </div>
   <div class='ocr_carea' id='block_1_3' title="bbox 130 1033 1374 1140">
    <p class='ocr_par' dir='ltr' id='par_1_3' title="bbox 130 1033 1374 1140">
     <span class='ocr_line' id='line_1_6' title="bbox 130 1033 1374 1140; baseline -0.001 -31"><span class='ocrx_word' id='word_1_34' title='bbox 130 1073 137 1080; x_wconf 55' lang='lat'><em>1</em></span> <span class='ocrx_word' id='word_1_35' title='bbox 253 1044 288 1109; x_wconf 90' lang='lat' dir='ltr'><strong>et</strong></span> <span class='ocrx_word' id='word_1_36' title='bbox 319 1036 472 1108; x_wconf 88' lang='lat' dir='ltr'><strong>solatium</strong></span> <span class='ocrx_word' id='word_1_37' title='bbox 505 1038 541 1108; x_wconf 89' lang='lat' dir='ltr'><strong>iu</strong></span> <span class='ocrx_word' id='word_1_38' title='bbox 574 1036 672 1109; x_wconf 88' lang='lat' dir='ltr'><strong>huius</strong></span> <span class='ocrx_word' id='word_1_39' title='bbox 705 1035 834 1108; x_wconf 89' lang='lat' dir='ltr'><strong>fabulae</strong></span> <span class='ocrx_word' id='word_1_40' title='bbox 866 1035 1025 1140; x_wconf 89' lang='lat' dir='ltr'><strong>lectione,</strong></span> <span class='ocrx_word' id='word_1_41' title='bbox 1052 1059 1150 1132; x_wconf 88' lang='lat' dir='ltr'><strong>quum</strong></span> <span class='ocrx_word' id='word_1_42' title='bbox 1174 1036 1211 1108; x_wconf 95' lang='lat' dir='ltr'><strong>in</strong></span> <span class='ocrx_word' id='word_1_43' title='bbox 1237 1033 1374 1110; x_wconf 84' lang='lat' dir='ltr'><strong>carcere</strong></span> 
     </span>
    </p>
   </div>
   <div class='ocr_carea' id='block_1_4' title="bbox 176 1163 1493 3410">
    <p class='ocr_par' dir='ltr' id='par_1_4' title="bbox 176 1163 1493 3410">
     <span class='ocr_line' id='line_1_7' title="bbox 253 1163 1376 1260; baseline 0.002 -25"><span class='ocrx_word' id='word_1_44' title='bbox 253 1170 355 1254; x_wconf 86' lang='lat' dir='ltr'><strong>esset,</strong></span> <span class='ocrx_word' id='word_1_45' title='bbox 381 1163 564 1255; x_wconf 85' lang='lat' dir='ltr'><strong>invenerat,</strong></span> <span class='ocrx_word' id='word_1_46' title='bbox 591 1170 626 1235; x_wconf 89' lang='lat' dir='ltr'><strong>et</strong></span> <span class='ocrx_word' id='word_1_47' title='bbox 651 1163 877 1236; x_wconf 79' lang='lat' dir='ltr'><strong>delectabatur</strong></span> <span class='ocrx_word' id='word_1_48' title='bbox 902 1163 1042 1234; x_wconf 73' lang='lat' dir='ltr'><strong>inarime</strong></span> <span class='ocrx_word' id='word_1_49' title='bbox 1067 1163 1271 1260; x_wconf 74' lang='lat' dir='ltr'><strong>sapientibus</strong></span> <span class='ocrx_word' id='word_1_50' title='bbox 1293 1187 1376 1237; x_wconf 66' lang='lat' dir='ltr'><strong>sen-⁶</strong></span> 
     </span>
     <span class='ocr_line' id='line_1_8' title="bbox 253 1289 1372 1387; baseline 0.001 -26"><span class='ocrx_word' id='word_1_51' title='bbox 253 1289 385 1381; x_wconf 88' lang='lat' dir='ltr'><strong>tentiis,</strong></span> <span class='ocrx_word' id='word_1_52' title='bbox 423 1289 576 1387; x_wconf 86' lang='lat' dir='ltr'><strong>quaein</strong></span> <span class='ocrx_word' id='word_1_53' title='bbox 610 1313 649 1361; x_wconf 90' lang='lat' dir='ltr'><strong>ea</strong></span> <span class='ocrx_word' id='word_1_54' title='bbox 681 1289 843 1387; x_wconf 88' lang='lat' dir='ltr'><strong>plurimae</strong></span> <span class='ocrx_word' id='word_1_55' title='bbox 876 1297 965 1361; x_wconf 84' lang='lat' dir='ltr'><strong>sunt.</strong></span> <span class='ocrx_word' id='word_1_56' title='bbox 1027 1289 1095 1382; x_wconf 76' lang='lat' dir='ltr'><strong>Qui</strong></span> <span class='ocrx_word' id='word_1_57' title='bbox 1118 1290 1234 1362; x_wconf 89' lang='lat' dir='ltr'><strong>talium</strong></span> <span class='ocrx_word' id='word_1_58' title='bbox 1259 1313 1372 1362; x_wconf 88' lang='lat' dir='ltr'><strong>rerum</strong></span> 
     </span>
     <span class='ocr_line' id='line_1_9' title="bbox 241 1391 1493 1512; baseline 0 -24"><span class='ocrx_word' id='word_1_59' title='bbox 241 1439 386 1488; x_wconf 82' lang='lat' dir='ltr'><strong>caussas</strong></span> <span class='ocrx_word' id='word_1_60' title='bbox 412 1416 530 1512; x_wconf 83' lang='lat' dir='ltr'><strong>procul</strong></span> <span class='ocrx_word' id='word_1_61' title='bbox 554 1416 699 1509; x_wconf 87' lang='lat' dir='ltr'><strong>habent,</strong></span> <span class='ocrx_word' id='word_1_62' title='bbox 732 1416 831 1490; x_wconf 88' lang='lat' dir='ltr'><strong>aliter</strong></span> <span class='ocrx_word' id='word_1_63' title='bbox 853 1415 1000 1488; x_wconf 85' lang='lat' dir='ltr'><strong>iudicent</strong></span> <span class='ocrx_word' id='word_1_64' title='bbox 1026 1439 1161 1488; x_wconf 86' lang='lat' dir='ltr'><strong>necesse</strong></span> <span class='ocrx_word' id='word_1_65' title='bbox 1188 1423 1252 1509; x_wconf 89' lang='lat' dir='ltr'><strong>est,</strong></span> <span class='ocrx_word' id='word_1_66' title='bbox 1279 1417 1309 1488; x_wconf 92' lang='lat' dir='ltr'><strong>si</strong></span> <span class='ocrx_word' id='word_1_67' title='bbox 1335 1425 1372 1488; x_wconf 88' lang='lat' dir='ltr'><strong>et</strong></span> <span class='ocrx_word' id='word_1_68' title='bbox 1492 1391 1493 1394; x_wconf 8' lang='grc' dir='ltr'><strong>Ἴ</strong></span> 
     </span>
     <span class='ocr_line' id='line_1_10' title="bbox 254 1542 1373 1640; baseline -0.002 -24"><span class='ocrx_word' id='word_1_69' title='bbox 254 1543 428 1626; x_wconf 84' lang='lat' dir='ltr'><strong>eonsilium</strong></span> <span class='ocrx_word' id='word_1_70' title='bbox 462 1542 637 1639; x_wconf 82' lang='lat' dir='ltr'><strong>Euripidis</strong></span> <span class='ocrx_word' id='word_1_71' title='bbox 662 1543 861 1640; x_wconf 86' lang='lat' dir='ltr'><strong>respiciant,</strong></span> <span class='ocrx_word' id='word_1_72' title='bbox 889 1550 923 1614; x_wconf 90' lang='lat' dir='ltr'><strong>et</strong></span> <span class='ocrx_word' id='word_1_73' title='bbox 949 1566 1013 1639; x_wconf 85' lang='lat' dir='ltr'><strong>qua</strong></span> <span class='ocrx_word' id='word_1_74' title='bbox 1037 1543 1166 1616; x_wconf 89' lang='lat' dir='ltr'><strong>ratione</strong></span> <span class='ocrx_word' id='word_1_75' title='bbox 1193 1543 1281 1638; x_wconf 83' lang='lat' dir='ltr'><strong>quod</strong></span> <span class='ocrx_word' id='word_1_76' title='bbox 1307 1543 1373 1614; x_wconf 89' lang='lat' dir='ltr'><strong>sibi</strong></span> 
     </span>
     <span class='ocr_line' id='line_1_11' title="bbox 252 1669 1371 1768; baseline 0 -26"><span class='ocrx_word' id='word_1_77' title='bbox 252 1676 473 1768; x_wconf 87' lang='lat' dir='ltr'><strong>proposuerat</strong></span> <span class='ocrx_word' id='word_1_78' title='bbox 499 1669 632 1742; x_wconf 84' lang='lat' dir='ltr'><strong>allicere</strong></span> <span class='ocrx_word' id='word_1_79' title='bbox 658 1677 795 1741; x_wconf 87' lang='lat' dir='ltr'><strong>conatus</strong></span> <span class='ocrx_word' id='word_1_80' title='bbox 822 1669 867 1741; x_wconf 89' lang='lat' dir='ltr'><strong>sit</strong></span> <span class='ocrx_word' id='word_1_81' title='bbox 890 1669 1115 1743; x_wconf 77' lang='lat' dir='ltr'><strong>&#39;considerent</strong></span> <span class='ocrx_word' id='word_1_82' title='bbox 1167 1669 1291 1742; x_wconf 91' lang='lat' dir='ltr'><strong>Notum</strong></span> <span class='ocrx_word' id='word_1_83' title='bbox 1317 1677 1371 1742; x_wconf 89' lang='lat' dir='ltr'><strong>est</strong></span> 
     </span>
     <span class='ocr_line' id='line_1_12' title="bbox 186 1796 1370 1894; baseline 0 -26"><span class='ocrx_word' id='word_1_84' title='bbox 186 1829 188 1833; x_wconf 59' lang='grc'>’</span> <span class='ocrx_word' id='word_1_85' title='bbox 251 1819 403 1894; x_wconf 79' lang='lat' dir='ltr'><strong>magnam</strong></span> <span class='ocrx_word' id='word_1_86' title='bbox 434 1797 522 1868; x_wconf 89' lang='lat' dir='ltr'><strong>inter</strong></span> <span class='ocrx_word' id='word_1_87' title='bbox 554 1804 672 1893; x_wconf 87' lang='lat' dir='ltr'><strong>poetas</strong></span> <span class='ocrx_word' id='word_1_88' title='bbox 698 1797 845 1891; x_wconf 82' lang='lat' dir='ltr'><strong>tragicos</strong></span> <span class='ocrx_word' id='word_1_89' title='bbox 872 1796 1124 1868; x_wconf 81' lang='lat' dir='ltr'><strong>aemulationem</strong></span> <span class='ocrx_word' id='word_1_90' title='bbox 1149 1796 1266 1889; x_wconf 87' lang='lat' dir='ltr'><strong>inisse,</strong></span> <span class='ocrx_word' id='word_1_91' title='bbox 1293 1797 1370 1868; x_wconf 88' lang='lat' dir='ltr'><strong>aliis</strong></span> 
     </span>
     <span class='ocr_line' id='line_1_13' title="bbox 251 1922 1370 2019; baseline -0.001 -25"><span class='ocrx_word' id='word_1_92' title='bbox 251 1923 336 1996; x_wconf 86' lang='lat' dir='ltr'><strong>alios</strong></span> <span class='ocrx_word' id='word_1_93' title='bbox 361 1925 397 1996; x_wconf 92' lang='lat' dir='ltr'><strong>in</strong></span> <span class='ocrx_word' id='word_1_94' title='bbox 423 1922 538 1996; x_wconf 89' lang='lat' dir='ltr'><strong>eodem</strong></span> <span class='ocrx_word' id='word_1_95' title='bbox 564 1930 757 2018; x_wconf 81' lang='lat' dir='ltr'><strong>argumento</strong></span> <span class='ocrx_word' id='word_1_96' title='bbox 784 1946 940 2019; x_wconf 85' lang='lat' dir='ltr'><strong>superare</strong></span> <span class='ocrx_word' id='word_1_97' title='bbox 967 1922 1187 2019; x_wconf 89' lang='lat' dir='ltr'><strong>cupientibus,</strong></span> <span class='ocrx_word' id='word_1_98' title='bbox 1221 1947 1284 1996; x_wconf 89' lang='lat' dir='ltr'><strong>uec</strong></span> <span class='ocrx_word' id='word_1_99' title='bbox 1309 1923 1370 1994; x_wconf 89' lang='lat' dir='ltr'><strong>de-</strong></span> 
     </span>
     <span class='ocr_line' id='line_1_14' title="bbox 209 2029 1367 2152; baseline -0.001 -30"><span class='ocrx_word' id='word_1_100' title='bbox 209 2147 211 2152; x_wconf 67' lang='lat'><strong>,</strong></span> <span class='ocrx_word' id='word_1_101' title='bbox 251 2049 467 2140; x_wconf 79' lang='lat' dir='ltr'><strong>tractantibus</strong></span> <span class='ocrx_word' id='word_1_102' title='bbox 500 2049 598 2120; x_wconf 90' lang='lat' dir='ltr'><strong>etiam</strong></span> <span class='ocrx_word' id='word_1_103' title='bbox 632 2057 747 2121; x_wconf 86' lang='lat' dir='ltr'><strong>notare</strong></span> <span class='ocrx_word' id='word_1_104' title='bbox 781 2029 864 2144; x_wconf 86' lang='lat' dir='ltr'><strong>quae</strong></span> <span class='ocrx_word' id='word_1_105' title='bbox 898 2049 938 2119; x_wconf 89' lang='lat' dir='ltr'><strong>ab</strong></span> <span class='ocrx_word' id='word_1_106' title='bbox 966 2048 1103 2120; x_wconf 87' lang='lat' dir='ltr'><strong>aemulis</strong></span> <span class='ocrx_word' id='word_1_107' title='bbox 1129 2056 1268 2146; x_wconf 81' lang='lat' dir='ltr'><strong>precenta</strong></span> <span class='ocrx_word' id='word_1_108' title='bbox 1293 2073 1367 2121; x_wconf 90' lang='lat' dir='ltr'><strong>esse</strong></span> 
     </span>
     <span class='ocr_line' id='line_1_15' title="bbox 250 2152 1368 2268; baseline 0 -20"><span class='ocrx_word' id='word_1_109' title='bbox 250 2152 453 2248; x_wconf 86' lang='lat' dir='ltr'><strong>viderentur.</strong></span> <span class='ocrx_word' id='word_1_110' title='bbox 504 2175 545 2247; x_wconf 92' lang='lat' dir='ltr'><strong>Id</strong></span> <span class='ocrx_word' id='word_1_111' title='bbox 580 2177 643 2248; x_wconf 91' lang='lat' dir='ltr'><strong>etsi</strong></span> <span class='ocrx_word' id='word_1_112' title='bbox 676 2175 819 2248; x_wconf 89' lang='lat' dir='ltr'><strong>fortasse</strong></span> <span class='ocrx_word' id='word_1_113' title='bbox 844 2200 910 2247; x_wconf 90' lang='lat' dir='ltr'><strong>non</strong></span> <span class='ocrx_word' id='word_1_114' title='bbox 936 2174 1153 2268; x_wconf 90' lang='lat' dir='ltr'><strong>laudandum,</strong></span> <span class='ocrx_word' id='word_1_115' title='bbox 1182 2184 1216 2246; x_wconf 89' lang='lat' dir='ltr'><strong>at</strong></span> <span class='ocrx_word' id='word_1_116' title='bbox 1241 2174 1368 2248; x_wconf 85' lang='lat' dir='ltr'><strong>condo-</strong></span> 
     </span>
     <span class='ocr_line' id='line_1_16' title="bbox 249 2277 1420 2398; baseline -0.001 -23"><span class='ocrx_word' id='word_1_117' title='bbox 249 2277 391 2376; x_wconf 88' lang='lat' dir='ltr'><strong>nandum</strong></span> <span class='ocrx_word' id='word_1_118' title='bbox 417 2310 526 2376; x_wconf 89' lang='lat' dir='ltr'><strong>tamen</strong></span> <span class='ocrx_word' id='word_1_119' title='bbox 552 2310 622 2375; x_wconf 89' lang='lat' dir='ltr'><strong>est:</strong></span> <span class='ocrx_word' id='word_1_120' title='bbox 649 2301 793 2397; x_wconf 85' lang='lat' dir='ltr'><strong>fecitque</strong></span> <span class='ocrx_word' id='word_1_121' title='bbox 820 2300 917 2373; x_wconf 90' lang='lat' dir='ltr'><strong>etiam</strong></span> <span class='ocrx_word' id='word_1_122' title='bbox 939 2302 1095 2398; x_wconf 86' lang='lat' dir='ltr'><strong>generosi</strong></span> <span class='ocrx_word' id='word_1_123' title='bbox 1113 2301 1213 2374; x_wconf 87' lang='lat' dir='ltr'><strong>animi</strong></span> <span class='ocrx_word' id='word_1_124' title='bbox 1231 2302 1280 2373; x_wconf 85' lang='lat' dir='ltr'><strong>vir</strong></span> <span class='ocrx_word' id='word_1_125' title='bbox 1299 2297 1370 2375; x_wconf 86' lang='lat' dir='ltr'><strong>So·-</strong></span> <span class='ocrx_word' id='word_1_126' title='bbox 1417 2391 1420 2398; x_wconf 90' lang='lat'><em>.</em></span> 
     </span>
     <span class='ocr_line' id='line_1_17' title="bbox 248 2427 1368 2528; baseline -0.001 -27"><span class='ocrx_word' id='word_1_127' title='bbox 248 2430 400 2528; x_wconf 89' lang='lat' dir='ltr'><strong>phocles.</strong></span> <span class='ocrx_word' id='word_1_128' title='bbox 451 2429 630 2502; x_wconf 84' lang='lat' dir='ltr'><strong>Ferremus</strong></span> <span class='ocrx_word' id='word_1_129' title='bbox 663 2428 767 2524; x_wconf 81' lang='lat' dir='ltr'><strong>igitur</strong></span> <span class='ocrx_word' id='word_1_130' title='bbox 799 2427 899 2500; x_wconf 84' lang='lat' dir='ltr'><strong>facile</strong></span> <span class='ocrx_word' id='word_1_131' title='bbox 933 2429 968 2501; x_wconf 90' lang='lat' dir='ltr'><strong>in</strong></span> <span class='ocrx_word' id='word_1_132' title='bbox 994 2427 1177 2526; x_wconf 86' lang='lat' dir='ltr'><strong>Euripide,</strong></span> <span class='ocrx_word' id='word_1_133' title='bbox 1215 2429 1245 2500; x_wconf 87' lang='lat' dir='ltr'><strong>si</strong></span> <span class='ocrx_word' id='word_1_134' title='bbox 1271 2429 1368 2510; x_wconf 87' lang='lat' dir='ltr'><strong>modo</strong></span> 
     </span>
     <span class='ocr_line' id='line_1_18' title="bbox 176 2555 1369 2654; baseline -0.002 -26"><span class='ocrx_word' id='word_1_135' title='bbox 176 2573 179 2582; x_wconf 65' lang='lat'><strong><em>⁴</em></strong></span> <span class='ocrx_word' id='word_1_136' title='bbox 249 2557 308 2628; x_wconf 90' lang='lat' dir='ltr'><strong>ille</strong></span> <span class='ocrx_word' id='word_1_137' title='bbox 335 2581 441 2654; x_wconf 85' lang='lat' dir='ltr'><strong>neque</strong></span> <span class='ocrx_word' id='word_1_138' title='bbox 466 2556 589 2628; x_wconf 89' lang='lat' dir='ltr'><strong>iniuria</strong></span> <span class='ocrx_word' id='word_1_139' title='bbox 615 2555 835 2653; x_wconf 83' lang='lat' dir='ltr'><strong>vituperasset</strong></span> <span class='ocrx_word' id='word_1_140' title='bbox 861 2574 935 2626; x_wconf 91' lang='lat' dir='ltr'><strong>eum</strong></span> <span class='ocrx_word' id='word_1_141' title='bbox 963 2580 1059 2652; x_wconf 88' lang='lat' dir='ltr'><strong>quem</strong></span> <span class='ocrx_word' id='word_1_142' title='bbox 1084 2562 1194 2627; x_wconf 87' lang='lat' dir='ltr'><strong>tamen</strong></span> <span class='ocrx_word' id='word_1_143' title='bbox 1219 2579 1285 2626; x_wconf 90' lang='lat' dir='ltr'><strong>non</strong></span> <span class='ocrx_word' id='word_1_144' title='bbox 1310 2579 1369 2626; x_wconf 88' lang='lat' dir='ltr'><strong>so·-</strong></span> 
     </span>
     <span class='ocr_line' id='line_1_19' title="bbox 249 2680 1367 2776; baseline -0.002 -22"><span class='ocrx_word' id='word_1_145' title='bbox 249 2684 315 2756; x_wconf 90' lang='lat' dir='ltr'><strong>lum</strong></span> <span class='ocrx_word' id='word_1_146' title='bbox 350 2683 552 2773; x_wconf 87' lang='lat' dir='ltr'><strong>aemulatus,</strong></span> <span class='ocrx_word' id='word_1_147' title='bbox 579 2682 638 2753; x_wconf 89' lang='lat' dir='ltr'><strong>sed</strong></span> <span class='ocrx_word' id='word_1_148' title='bbox 665 2682 763 2753; x_wconf 89' lang='lat' dir='ltr'><strong>etiam</strong></span> <span class='ocrx_word' id='word_1_149' title='bbox 788 2682 935 2754; x_wconf 88' lang='lat' dir='ltr'><strong>imitatus</strong></span> <span class='ocrx_word' id='word_1_150' title='bbox 962 2689 1026 2774; x_wconf 87' lang='lat' dir='ltr'><strong>cst,</strong></span> <span class='ocrx_word' id='word_1_151' title='bbox 1052 2680 1266 2776; x_wconf 68' lang='lat' dir='ltr'><strong>Aeschylum,</strong></span> <span class='ocrx_word' id='word_1_152' title='bbox 1292 2705 1367 2773; x_wconf 88' lang='lat' dir='ltr'><strong>neo,</strong></span> 
     </span>
     <span class='ocr_line' id='line_1_20' title="bbox 250 2803 1368 2903; baseline -0.004 -21"><span class='ocrx_word' id='word_1_153' title='bbox 250 2810 326 2882; x_wconf 91' lang='lat' dir='ltr'><strong>dum</strong></span> <span class='ocrx_word' id='word_1_154' title='bbox 359 2835 396 2882; x_wconf 89' lang='lat' dir='ltr'><strong>sa</strong></span> <span class='ocrx_word' id='word_1_155' title='bbox 429 2810 599 2881; x_wconf 90' lang='lat' dir='ltr'><strong>meliorem</strong></span> <span class='ocrx_word' id='word_1_156' title='bbox 631 2813 764 2903; x_wconf 89' lang='lat' dir='ltr'><strong>poetam</strong></span> <span class='ocrx_word' id='word_1_157' title='bbox 796 2807 911 2900; x_wconf 88' lang='lat' dir='ltr'><strong>iactat,</strong></span> <span class='ocrx_word' id='word_1_158' title='bbox 946 2807 1035 2880; x_wconf 87' lang='lat' dir='ltr'><strong>facto</strong></span> <span class='ocrx_word' id='word_1_159' title='bbox 1069 2806 1267 2880; x_wconf 84' lang='lat' dir='ltr'><strong>deteriorem</strong></span> <span class='ocrx_word' id='word_1_160' title='bbox 1293 2803 1368 2879; x_wconf 86' lang='lat' dir='ltr'><strong>esse</strong></span> 
     </span>
     <span class='ocr_line' id='line_1_21' title="bbox 250 2932 1368 3030; baseline -0.004 -21"><span class='ocrx_word' id='word_1_161' title='bbox 250 2935 452 3009; x_wconf 86' lang='lat' dir='ltr'><strong>ostenderet.</strong></span> <span class='ocrx_word' id='word_1_162' title='bbox 509 2933 638 3005; x_wconf 89' lang='lat' dir='ltr'><strong>Mansit</strong></span> <span class='ocrx_word' id='word_1_163' title='bbox 670 2932 837 3030; x_wconf 77' lang='lat' dir='ltr'><strong>Aeschylo</strong></span> <span class='ocrx_word' id='word_1_164' title='bbox 872 2934 982 3006; x_wconf 90' lang='lat' dir='ltr'><strong>debita</strong></span> <span class='ocrx_word' id='word_1_165' title='bbox 1017 2934 1103 3024; x_wconf 89' lang='lat' dir='ltr'><strong>laus,</strong></span> <span class='ocrx_word' id='word_1_166' title='bbox 1132 2934 1172 3006; x_wconf 90' lang='lat' dir='ltr'><strong>do</strong></span> <span class='ocrx_word' id='word_1_167' title='bbox 1198 2959 1262 3030; x_wconf 89' lang='lat' dir='ltr'><strong>quo</strong></span> <span class='ocrx_word' id='word_1_168' title='bbox 1288 2957 1368 3030; x_wconf 90' lang='lat' dir='ltr'><strong>per-</strong></span> 
     </span>
     <span class='ocr_line' id='line_1_22' title="bbox 248 3057 1460 3158; baseline -0.004 -23"><span class='ocrx_word' id='word_1_169' title='bbox 248 3061 494 3158; x_wconf 87' lang='lat' dir='ltr'><strong>spicacissimus</strong></span> <span class='ocrx_word' id='word_1_170' title='bbox 518 3059 621 3132; x_wconf 80' lang='lat' dir='ltr'><strong>iudex</strong></span> <span class='ocrx_word' id='word_1_171' title='bbox 645 3060 900 3156; x_wconf 79' lang='lat' dir='ltr'><strong>Aristophanes,</strong></span> <span class='ocrx_word' id='word_1_172' title='bbox 937 3085 1002 3155; x_wconf 85' lang='lat' dir='ltr'><strong>qno</strong></span> <span class='ocrx_word' id='word_1_173' title='bbox 1028 3067 1176 3158; x_wconf 90' lang='lat' dir='ltr'><strong>tompore</strong></span> <span class='ocrx_word' id='word_1_174' title='bbox 1202 3061 1267 3132; x_wconf 93' lang='lat' dir='ltr'><strong>iam</strong></span> <span class='ocrx_word' id='word_1_175' title='bbox 1292 3057 1369 3131; x_wconf 86' lang='lat' dir='ltr'><strong>Eu·-</strong></span> <span class='ocrx_word' id='word_1_176' title='bbox 1455 3064 1460 3072; x_wconf 78' lang='grc'><strong>’</strong></span> 
     </span>
     <span class='ocr_line' id='line_1_23' title="bbox 248 3185 1368 3286; baseline -0.003 -26"><span class='ocrx_word' id='word_1_177' title='bbox 248 3187 374 3286; x_wconf 86' lang='lat' dir='ltr'><strong>ripides</strong></span> <span class='ocrx_word' id='word_1_178' title='bbox 400 3211 529 3284; x_wconf 89' lang='lat' dir='ltr'><strong>quoque</strong></span> <span class='ocrx_word' id='word_1_179' title='bbox 555 3195 702 3260; x_wconf 89' lang='lat' dir='ltr'><strong>mortuus</strong></span> <span class='ocrx_word' id='word_1_180' title='bbox 729 3196 813 3277; x_wconf 87' lang='lat' dir='ltr'><strong>emt,</strong></span> <span class='ocrx_word' id='word_1_181' title='bbox 838 3186 874 3257; x_wconf 92' lang='lat' dir='ltr'><strong>io</strong></span> <span class='ocrx_word' id='word_1_182' title='bbox 900 3185 1007 3259; x_wconf 87' lang='lat' dir='ltr'><strong>Ranis</strong></span> <span class='ocrx_word' id='word_1_183' title='bbox 1032 3188 1168 3284; x_wconf 81' lang='lat' dir='ltr'><strong>scripsit</strong></span> <span class='ocrx_word' id='word_1_184' title='bbox 1193 3211 1226 3258; x_wconf 87' lang='lat' dir='ltr'><strong>v.</strong></span> <span class='ocrx_word' id='word_1_185' title='bbox 1256 3188 1368 3260; x_wconf 81' lang='lat'>1024.</span> 
     </span>
     <span class='ocr_line' id='line_1_24' title="bbox 350 3309 1363 3410; baseline -0.001 -24"><span class='ocrx_word' id='word_1_186' title='bbox 350 3312 480 3410; x_wconf 76' lang='grc' dir='ltr'><em>δρᾶμα</em></span> <span class='ocrx_word' id='word_1_187' title='bbox 505 3309 656 3410; x_wconf 80' lang='grc' dir='ltr'><strong><em>ποιήσας</em></strong></span> <span class='ocrx_word' id='word_1_188' title='bbox 671 3314 807 3410; x_wconf 72' lang='grc' dir='ltr'><em>Ἄρεως</em></span> <span class='ocrx_word' id='word_1_189' title='bbox 838 3309 985 3408; x_wconf 79' lang='grc' dir='ltr'><strong><em>μεστόν.</em></strong></span> <span class='ocrx_word' id='word_1_190' title='bbox 1012 3318 1140 3402; x_wconf 63' lang='lat' dir='ltr'><strong>nciam</strong></span> <span class='ocrx_word' id='word_1_191' title='bbox 1171 3310 1260 3395; x_wconf 79' lang='grc' dir='ltr'><strong><em>τοὺς</em></strong></span> <span class='ocrx_word' id='word_1_192' title='bbox 1284 3311 1363 3388; x_wconf 71' lang='grc' dir='ltr'><strong>ἕπτ’</strong></span> 
     </span>
    </p>
   </div>
   <div class='ocr_carea' id='block_1_5' title="bbox 757 3437 986 3538">
    <p class='ocr_par' dir='ltr' id='par_1_5' title="bbox 757 3437 986 3538">
     <span class='ocr_line' id='line_1_25' title="bbox 757 3437 986 3538; baseline 0.009 -26"><span class='ocrx_word' id='word_1_193' title='bbox 757 3437 815 3512; x_wconf 79' lang='grc' dir='ltr'><strong>ἐπὶ</strong></span> <span class='ocrx_word' id='word_1_194' title='bbox 844 3437 986 3538; x_wconf 76' lang='grc' dir='ltr'><em>Θήβας,</em></span> 
     </span>
    </p>
   </div>
   <div class='ocr_carea' id='block_1_6' title="bbox 351 3559 1369 3765">
    <p class='ocr_par' dir='ltr' id='par_1_6' title="bbox 351 3559 1369 3765">
     <span class='ocr_line' id='line_1_26' title="bbox 351 3559 1369 3665; baseline -0.002 -25"><span class='ocrx_word' id='word_1_195' title='bbox 351 3565 370 3640; x_wconf 83' lang='grc' dir='ltr'>ὃ</span> <span class='ocrx_word' id='word_1_196' title='bbox 403 3562 640 3665; x_wconf 75' lang='grc' dir='ltr'><em>θεασάμενος</em></span> <span class='ocrx_word' id='word_1_197' title='bbox 673 3574 746 3650; x_wconf 85' lang='grc' dir='ltr'><strong>πᾶς</strong></span> <span class='ocrx_word' id='word_1_198' title='bbox 778 3566 827 3641; x_wconf 83' lang='grc' dir='ltr'><strong>ἄν</strong></span> <span class='ocrx_word' id='word_1_199' title='bbox 859 3594 915 3648; x_wconf 85' lang='grc' dir='ltr'><strong>τις</strong></span> <span class='ocrx_word' id='word_1_200' title='bbox 949 3562 1045 3663; x_wconf 81' lang='grc' dir='ltr'><em>ἀνὴρ</em></span> <span class='ocrx_word' id='word_1_201' title='bbox 1076 3560 1234 3663; x_wconf 70' lang='grc' dir='ltr'>ἠράσθη</span> <span class='ocrx_word' id='word_1_202' title='bbox 1262 3559 1369 3648; x_wconf 73' lang='lat' dir='ltr'><strong>dcitoc</strong></span> 
     </span>
     <span class='ocr_line' id='line_1_27' title="bbox 809 3691 915 3765; baseline -0.019 -1"><span class='ocrx_word' id='word_1_203' title='bbox 809 3691 915 3765; x_wconf 76' lang='grc' dir='ltr'><strong><em>εἶναι.</em></strong></span> 
     </span>
    </p>
   </div>
   <div class='ocr_carea' id='block_1_7' title="bbox 247 3816 1493 4552">
    <p class='ocr_par' dir='ltr' id='par_1_7' title="bbox 247 3816 1493 4552">
     <span class='ocr_line' id='line_1_28' title="bbox 248 3816 1366 3918; baseline -0.004 -23"><span class='ocrx_word' id='word_1_204' title='bbox 248 3821 337 3895; x_wconf 84' lang='grc' dir='ltr'><strong>ΝοΙο</strong></span> <span class='ocrx_word' id='word_1_205' title='bbox 369 3821 572 3918; x_wconf 75' lang='lat' dir='ltr'><strong>Aeschylum</strong></span> <span class='ocrx_word' id='word_1_206' title='bbox 604 3820 739 3892; x_wconf 88' lang='lat' dir='ltr'><strong>laudare</strong></span> <span class='ocrx_word' id='word_1_207' title='bbox 773 3817 945 3914; x_wconf 91' lang='lat' dir='ltr'><strong>dispendio</strong></span> <span class='ocrx_word' id='word_1_208' title='bbox 979 3816 1167 3914; x_wconf 86' lang='lat' dir='ltr'><strong>Euripidis,</strong></span> <span class='ocrx_word' id='word_1_209' title='bbox 1193 3817 1366 3914; x_wconf 87' lang='lat' dir='ltr'><strong>sentioquo</strong></span> 
     </span>
     <span class='ocr_line' id='line_1_29' title="bbox 247 3919 1493 4046; baseline -0.01 -26"><span class='ocrx_word' id='word_1_210' title='bbox 247 3949 455 4046; x_wconf 82' lang='lat' dir='ltr'><strong>ingeniorum</strong></span> <span class='ocrx_word' id='word_1_211' title='bbox 489 3947 675 4019; x_wconf 85' lang='lat' dir='ltr'><strong>diversitati</strong></span> <span class='ocrx_word' id='word_1_212' title='bbox 706 3919 914 4015; x_wconf 90' lang='lat' dir='ltr'><strong>tribuendum</strong></span> <span class='ocrx_word' id='word_1_213' title='bbox 955 3967 1053 4037; x_wconf 89' lang='lat' dir='ltr'><strong>esse,</strong></span> <span class='ocrx_word' id='word_1_214' title='bbox 1087 3945 1175 4016; x_wconf 89' lang='lat' dir='ltr'><strong>siin</strong></span> <span class='ocrx_word' id='word_1_215' title='bbox 1202 3943 1366 4040; x_wconf 82' lang='lat' dir='ltr'><strong>Euripide</strong></span> <span class='ocrx_word' id='word_1_216' title='bbox 1492 3997 1493 4008; x_wconf 70' lang='grc'>,</span> 
     </span>
     <span class='ocr_line' id='line_1_30' title="bbox 249 4054 1365 4173; baseline -0.005 -25"><span class='ocrx_word' id='word_1_217' title='bbox 249 4054 384 4173; x_wconf 69' lang='lat' dir='ltr'><strong>granna</strong></span> <span class='ocrx_word' id='word_1_218' title='bbox 409 4076 470 4148; x_wconf 84' lang='lat' dir='ltr'><strong>na</strong></span> <span class='ocrx_word' id='word_1_219' title='bbox 494 4073 653 4166; x_wconf 72' lang='lat' dir='ltr'><strong>nesanyn</strong></span> <span class='ocrx_word' id='word_1_220' title='bbox 686 4071 840 4142; x_wconf 65' lang='lat' dir='ltr'><strong>marosas</strong></span> <span class='ocrx_word' id='word_1_221' title='bbox 866 4078 900 4144; x_wconf 78' lang='lat' dir='ltr'><strong>a</strong></span> <span class='ocrx_word' id='word_1_222' title='bbox 926 4070 1036 4144; x_wconf 74' lang='lat' dir='ltr'><strong>nora</strong></span> <span class='ocrx_word' id='word_1_223' title='bbox 1069 4072 1120 4143; x_wconf 74' lang='lat' dir='ltr'><strong>va</strong></span> <span class='ocrx_word' id='word_1_224' title='bbox 1146 4071 1365 4142; x_wconf 66' lang='lat' dir='ltr'><strong>restruatur.</strong></span> 
     </span>
     <span class='ocr_line' id='line_1_31' title="bbox 248 4197 1366 4300; baseline -0.007 -24"><span class='ocrx_word' id='word_1_225' title='bbox 248 4201 367 4300; x_wconf 86' lang='lat' dir='ltr'><strong>Neque</strong></span> <span class='ocrx_word' id='word_1_226' title='bbox 399 4201 527 4273; x_wconf 85' lang='lat' dir='ltr'><strong>infitior</strong></span> <span class='ocrx_word' id='word_1_227' title='bbox 552 4197 650 4269; x_wconf 90' lang='lat' dir='ltr'><strong>etiam</strong></span> <span class='ocrx_word' id='word_1_228' title='bbox 678 4197 807 4269; x_wconf 83' lang='lat' dir='ltr'><strong>fabulae</strong></span> <span class='ocrx_word' id='word_1_229' title='bbox 835 4221 930 4294; x_wconf 83' lang='lat' dir='ltr'><strong>quam</strong></span> <span class='ocrx_word' id='word_1_230' title='bbox 956 4198 1142 4294; x_wconf 87' lang='lat' dir='ltr'><strong>Aeschylus</strong></span> <span class='ocrx_word' id='word_1_231' title='bbox 1168 4197 1249 4269; x_wconf 89' lang='lat' dir='ltr'><strong>fecit</strong></span> <span class='ocrx_word' id='word_1_232' title='bbox 1273 4221 1366 4269; x_wconf 85' lang='lat' dir='ltr'><strong>eom-</strong></span> 
     </span>
     <span class='ocr_line' id='line_1_32' title="bbox 248 4322 1366 4426; baseline -0.006 -23"><span class='ocrx_word' id='word_1_233' title='bbox 248 4330 448 4426; x_wconf 86' lang='lat' dir='ltr'><strong>positionem</strong></span> <span class='ocrx_word' id='word_1_234' title='bbox 480 4324 601 4397; x_wconf 84' lang='lat' dir='ltr'><strong>bahem</strong></span> <span class='ocrx_word' id='word_1_235' title='bbox 641 4323 727 4422; x_wconf 91' lang='lat' dir='ltr'><strong>quod</strong></span> <span class='ocrx_word' id='word_1_236' title='bbox 762 4325 879 4399; x_wconf 89' lang='lat' dir='ltr'><strong>morito</strong></span> <span class='ocrx_word' id='word_1_237' title='bbox 915 4326 1093 4423; x_wconf 80' lang='lat' dir='ltr'><strong>vituperari</strong></span> <span class='ocrx_word' id='word_1_238' title='bbox 1125 4324 1267 4412; x_wconf 88' lang='lat' dir='ltr'><strong>debeat,</strong></span> <span class='ocrx_word' id='word_1_239' title='bbox 1300 4322 1366 4396; x_wconf 89' lang='lat' dir='ltr'><strong>etsi</strong></span> 
     </span>
     <span class='ocr_line' id='line_1_33' title="bbox 249 4453 1365 4552; baseline -0.007 -26"><span class='ocrx_word' id='word_1_240' title='bbox 249 4455 373 4552; x_wconf 85' lang='lat' dir='ltr'><strong>aliquid</strong></span> <span class='ocrx_word' id='word_1_241' title='bbox 408 4455 440 4526; x_wconf 93' lang='lat' dir='ltr'><strong>ei</strong></span> <span class='ocrx_word' id='word_1_242' title='bbox 466 4453 690 4527; x_wconf 74' lang='lat' dir='ltr'><strong>exstructionis</strong></span> <span class='ocrx_word' id='word_1_243' title='bbox 724 4477 743 4526; x_wconf 92' lang='lat' dir='ltr'><strong>a</strong></span> <span class='ocrx_word' id='word_1_244' title='bbox 774 4461 923 4552; x_wconf 87' lang='lat' dir='ltr'><strong>tempore</strong></span> <span class='ocrx_word' id='word_1_245' title='bbox 948 4459 1098 4550; x_wconf 82' lang='lat' dir='ltr'><strong>paratum</strong></span> <span class='ocrx_word' id='word_1_246' title='bbox 1123 4457 1187 4542; x_wconf 87' lang='lat' dir='ltr'><strong>est,</strong></span> <span class='ocrx_word' id='word_1_247' title='bbox 1214 4473 1279 4544; x_wconf 87' lang='lat' dir='ltr'><strong>quo</strong></span> <span class='ocrx_word' id='word_1_248' title='bbox 1303 4471 1365 4545; x_wconf 87' lang='lat' dir='ltr'><strong>per</strong></span> 
     </span>
    </p>
   </div>
   <div class='ocr_carea' id='block_1_8' title="bbox 0 0 1518 5134">
    <p class='ocr_par' dir='ltr' id='par_1_8' title="bbox 0 0 1518 5134">
     <span class='ocr_line' id='line_1_34' title="bbox 0 0 1518 5134; baseline 0 2"><span class='ocrx_word' id='word_1_249' title='bbox 0 0 1518 5134; x_wconf 95' lang='lat' dir='ltr'><strong> </strong></span> 
     </span>
    </p>
   </div>
  </div>
 </body>
</html>
