3026 5134
787 339 833 410 14

246 534 278 604 ei
302 531 427 627 μηκέτ’
457 536 522 629 εἴη.
548 517 624 608 καῖ
637 530 865 619 ξυνάπτετον
889 529 988 608 πόδα

138 735 140 742 ,
248 659 298 740 eis
321 656 462 734 ταύτὸν
485 659 602 759 άμφω
629 658 803 744 Φωκίδος
826 667 975 758 σχιστῆς
1002 657 1103 735 ὸδοῦ.

247 781 311 856 καὶ
336 809 397 860 νιν
421 781 556 858 κελεύει
580 786 708 861 Λαΐου
730 781 968 885 τροχηλάτης,

205 902 280 981 root
306 907 394 998 ξένε,
420 906 619 1008 τυράννοις
643 911 813 987 ε’κποδιὸν
837 910 1058 1008 μεθίστασο.

248 1032 268 1108 ὃ
293 1032 331 1110 δ
361 1033 457 1134 εἷρπ’
488 1025 653 1122 ἄναυδος
659 1094 672 1128 ,
697 1038 794 1140 μέγα
820 1047 986 1138 φρονῶν.
1013 1043 1129 1111 πῶλοι
1155 1032 1200 1112 δί
1223 1063 1284 1111 νιν

243 1165 373 1256 χηλαῖς
397 1161 571 1246 τίνοντας
594 1163 847 1264 ἐξεφοίνισσον
869 1163 1009 1241 ποδοῖν.

248 1285 360 1375 ὅθεν,
386 1285 424 1361 τί
449 1289 583 1373 τάκτὸς
605 1297 685 1367 ταῖν
709 1298 837 1366 κακῶν
860 1319 908 1388 με
933 1288 992 1365 δεῖ
1015 1289 1152 1392 λέγειν,

247 1417 335 1497 παῖς
358 1415 498 1515 πατέρα
522 1415 660 1507 καίνει,
687 1415 750 1492 καὶ
775 1414 907 1514 λαβὼν
931 1411 1101 1514 ὀχήματα

204 1536 423 1639 45Πολόβῳ
448 1548 581 1641 τροφεῖ
596 1541 772 1618 δίδωσιν.
800 1542 851 1627 οῖς
874 1542 917 1618 δ’-
941 1539 1105 1640 ἐπεζάρει
1142 1577 1144 1588 ’

247 1664 378 1767 Σφὶγξ
401 1665 604 1770 ἁρπαγαῖσι
631 1665 761 1762 πόλιν,
788 1667 874 1765 ε’,ιιός
898 1669 933 1744 τ’
966 1668 1035 1744 οὐκ
1058 1664 1107 1764 ῆν
1131 1661 1249 1754 πόσις,

246 1791 377 1889 Κρέων
402 1792 563 1894 ἀδελφὸς
587 1794 690 1891 τᾶμὸ
714 1791 888 1892 κηρύσσει
914 1794 1011 1892 λέχη,
1341 1783 1343 1786 ’

246 1916 342 2002 όςτις
367 1928 484 2018 σοφῆς
509 1924 664 2022 αἴνιγμα
689 1920 885 2023 παρθένου
909 1917 1044 2019 μάθοι,

186 2146 191 2156 ¹
247 2041 369 2144 τούτῳ
396 2043 576 2146 ξυνάψειν
601 2046 744 2145 λε’κτρα.
794 2044 970 2155 τυγχάνει
996 2044 1043 2122 δι’
1063 2073 1141 2129 πως

206 2167 392 2270 nonnemo
417 2170 504 2271 ἐμὸς
528 2178 615 2257 παῖς
643 2172 821 2266 Οἰδίπους
847 2171 1020 2277 Σφιγγὸς
1044 2166 1200 2271 μαθών,

248 2439 303 2506 εἴτ’
329 2439 385 2522 οίικ
406 2439 501 2508 ῖνδον.
523 2448 576 2506 Sed
597 2452 683 2527 aptius
704 2459 791 2508 λιωειι
810 2449 933 2527 μαθεῖν,
956 2451 1088 2526 quianon
1109 2449 1137 2504 in
1157 2446 1218 2505 Laii
1239 2449 1370 2521 potestate
1492 2465 1512 2532 Α

248 2539 314 2608 erat,
336 2542 365 2590 ut
386 2537 478 2590 certior
499 2532 530 2590 de
552 2535 605 2592 filio
628 2535 708 2606 fieret,
731 2536 777 2595 sed
798 2534 1005 2616 cognoscendum
1028 2539 1083 2590 erat
1104 2552 1137 2589 ex
1159 2530 1271 2588 oraculo.

334 2613 383 2680 38.
412 2619 583 2696 Musgravius
610 2613 692 2700 ἀμφὶ
720 2624 798 2679 scribi
824 2623 948 2698 volebat,
975 2622 1072 2692 ιἰωιο,
1096 2615 1164 2692 qnod
1182 2635 1215 2672 ne
1237 2615 1368 2672 Graecum

249 2700 351 2778 quidem
374 2710 423 2760 est
450 2703 577 2761 Per-verso
599 2705 644 2761 ilie
665 2703 761 2762 iudicio
782 2709 894 2782 putabat,
919 2708 943 2761 si
965 2703 1006 2774 εἰς
1028 2695 1141 2760 ταύτὸν
1152 2699 1276 2776 σχιστῆς
1291 2689 1372 2758 ὁδοῦ.

248 2789 477 2864 coniungerentur,
504 2779 629 2864 σχισιῆν
657 2779 729 2846 ὸδὸν
757 2789 799 2846 vei
827 2793 942 2868 regionis
968 2788 1009 2844 vel
1032 2787 1111 2862 anapii
1133 2795 1200 2842 certe
1223 2787 1300 2858 spatii
1322 2803 1369 2840 no·

248 2889 308 2928 men
329 2871 410 2928 videri
439 2870 538 2941 debere,
560 2871 628 2946 quod
654 2879 741 2930 ῑτωοιι
762 2880 851 2930 contra
872 2891 932 2930 esse
953 2870 1056 2928 doceret
1075 2871 1222 2927 Pausanias
1242 2867 1279 2925 X.
1292 2865 1321 2934 5,
1338 2865 1370 2924 3.

248 2951 280 3012 4.
322 2953 385 3012 Νοιι
401 2959 497 3012 rectius
517 2975 578 3012 vero
600 2954 724 3013 iudicavit
745 2946 881 3026 Matthiae,
903 2975 981 3031 quum
1002 2956 1163 3013 refutatores
1185 2953 1367 3030 Musgraviurn

249 3039 417 3096 exclamavit:
438 3044 530 3115 „qnasi
552 3059 612 3097 vero
633 3041 686 3099 iooi
707 3044 825 3119 quamvis
845 3045 919 3119 parri
940 3060 991 3098 non
1015 3041 1102 3117 piures
1125 3058 1183 3095 esse
1204 3049 1291 3114 partes
1308 3055 1369 3114 pos·

249 3119 333 3181 sint.“
375 3121 438 3182 Non
464 3132 579 3182 notarem
606 3124 681 3204 haee,
702 3129 755 3184 nisi
775 3125 888 3185 viderem
917 3123 1058 3183 monendos
1085 3123 1209 3199 quosdam
1238 3139 1307 3190 esse,
1335 3140 1368 3177 no

249 3211 365 3286 argutari
391 3213 420 3267 in
447 3211 524 3268 rebus
551 3215 722 3286 apertissimis
746 3218 867 3288 putarent
887 3213 1047 3286 interpretari
1068 3227 1135 3264 esse.
1179 3204 1234 3277 Εἰς
1255 3197 1370 3263 ταύτὸν

249 3291 374 3372 σχιστῆς
396 3285 470 3353 ὁδοῦ
492 3293 557 3352 nihil
579 3304 618 3352 est
640 3295 723 3352 alini
738 3315 813 3370 quarn
836 3293 877 3367 εἰς
898 3289 1019 3366 ταύτόν,
1042 3283 1058 3351 ὅ
1081 3289 1143 3352 ἐστι
1165 3285 1221 3350 τὸν
1242 3282 1369 3368 σχιστῆν

250 3367 333 3438 ὁδόν.
378 3377 519 3454 Sophocles
542 3377 607 3436 0ed.
630 3381 663 3438 n.
686 3378 758 3438 733.

409 3459 512 3532 Φωκὶς
531 3457 588 3536 μέν
608 3453 626 3537 ῆ
648 3465 686 3542 γῆ
709 3458 864 3545 κλῄζεται·
888 3455 995 3541 σχιστῆ
1018 3453 1051 3520 δ’
1076 3452 1147 3530 ὁδὸς

400 3539 432 3615 ἐς
453 3539 547 3604 ταόιὸ
569 3543 703 3628 Δελφῶν
724 3544 803 3608 κιίιιὸ
826 3547 966 3620 Δαυλίας
987 3541 1080 3625 ιίγει.1

249 3627 327 3685 Exile
348 3636 399 3706 est,
428 3629 497 3705 quod
528 3629 657 3692 Matthiae
678 3653 751 3694 suam
773 3638 1008 3712 interpretationem
1031 3630 1176 3688 confirmari
1197 3627 1302 3704 putabat
1323 3627 1367 3684 his

248 3711 397 3771 Pausaniae
423 3717 508 3772 verbis
536 3717 554 3773 1.
583 3737 606 3776 ο.
635 3712 673 3777 τὸ
699 3721 755 3778 τοῦ
782 3717 892 3778 Λαΐου
917 3711 1064 3794 μνήματα
1091 3710 1143 3772 καί
1175 3707 1292 3772 ολκίτου
1310 3711 1367 3770 τοῦ

249 3789 409 3877 ἑπομένου,
431 3800 529 3859 ταῦτα
547 3793 589 3860 ῖτι
606 3797 639 3862 ἐν
653 3795 828 3888 μεσαιτάτῳ
845 3805 899 3882 τῆς
919 3795 1054 3882 τριόδου.

334 3879 386 3940 42.
408 3883 475 3942 Van.
493 3888 518 3944 b.
540 3883 657 3949 ποὸοῖν.

334 3964 386 4026 43.
408 3966 478 4048 Aug.
495 3971 520 4028 ὸ.
537 3972 626 4033 Havn.
648 3967 679 4033 τί
697 3963 825 4050 τάχθος.
840 3971 872 4028 In
883 3968 954 4048 Aug.
973 3987 1053 4046 supra
1066 3969 1204 4046 seriptum:
1215 3954 1367 4046 γράφεται

250 4043 342 4124 ιἰκτὸς
361 4045 455 4132 ῆγουν
470 4049 509 4115 τὸ
526 4049 593 4128 ἔξω.

333 4134 385 4197 47.
407 4138 494 4218 Vulgo
517 4132 677 4218 Κρέοντ’
702 4129 846 4220 ἀδελφός.
898 4137 943 4196 Sio
964 4141 1042 4196 etiam
1068 4135 1231 4204 scholiastes,
1258 4133 1301 4208 qui
1324 4131 1367 4190 his

250 4222 336 4278 verbis
354 4223 480 4300 apodosin
494 4230 606 4302 incipere
624 4231 722 4296 censet,
733 4231 763 4281 ut
774 4223 835 4282 huie
852 4243 883 4283 τε
899 4224 1055 4300 respondeat
1072 4219 1106 4280 δι’
1117 4223 1144 4277 in
1160 4219 1214 4296 his,
1227 4208 1365 4296 τυγχάνει

250 4301 287 4366 δι’
302 4327 375 4378 πως,
396 4311 441 4366 ubi
460 4311 484 4365 si
505 4311 673 4384 rescriptum
691 4316 769 4378 esset,
788 4315 875 4369 ornnia
889 4310 967 4386 plana
984 4327 1043 4368 esse
1069 4309 1114 4363 ait.
1158 4303 1231 4362 Flor.
1249 4301 1279 4360 2.
1295 4299 1366 4360 via.

251 4390 334 4449 Taur.
356 4389 423 4451 Ven.
446 4395 487 4450 ab.
513 4387 623 4471 Κρέων
639 4385 670 4451 δ’
690 4383 832 4474 ἀδελφός.
863 4395 944 4453 Recte
966 4414 1026 4450 vero
1045 4395 1095 4449 viri
1112 4387 1180 4446 docti
1196 4405 1253 4444 oum
1272 4405 1368 4464 magna

249 4483 322 4550 parte
340 4474 457 4534 oodionrn
475 4470 584 4554 Κρίων
599 4471 734 4560 ἀδελφὸς
752 4484 810 4538 sine
830 4482 924 4557 copula
942 4483 1110 4556 scripserunt.
1217 4545 1220 4552 ,

334 4555 384 4616 50.
412 4557 573 4618 scholiastes
598 4559 730 4623 adnotavit
753 4562 877 4640 quosdam
902 4565 1012 4622 seribere
1038 4552 1174 4628 Μοίρας
1194 4548 1268 4630 ἓμὸς
1294 4555 1366 4622 παῖς
